@book{Shanahan.1997,
  title={Solving the frame problem: a mathematical investigation of the common sense law of inertia},
  author={Shanahan, Murray},
  year={1997},
  publisher={MIT press}
}


@misc{Potassco.2024,
title = {{Potassco, the Potsdam Answer Set Programming Collection}},
author = {{University of Potsdam}},
year = {2024},
note = {\url{https://potassco.org/}}
}