@online{waymo2023,
  author = {{Arizona Mirror}},
  title = {Waymo says software glitch caused a driverless traffic jam in Phoenix last month},
  year = {2023},
  url = {https://azmirror.com/2023/05/03/waymo-says-software-glitch-caused-a-driverless-traffic-jam-in-phoenix-last-month/},
  urldate = {2024-02-19}
}

@online{cruise2024,
  author = {{The Independent}},
  title = {Cruise and Waymo cars involved in accidents in San Francisco},
  year = {2024},
  url = {https://www.independent.co.uk/news/world/americas/cruise-waymo-san-francisco-accident-b2396034.html},
  urldate = {2024-02-19}
}

@online{cruise2023,
  author = {Electrek},
  title = {Cruise robotaxis created a traffic jam in Austin - here's what went wrong},
  year = {2023},
  url = {https://electrek.co/2023/09/22/cruise-robotaxis-created-a-traffic-jam-in-austin-heres-what-went-wrong/},
  urldate = {2024-02-19}
}

@misc{uberArizonaCrash,
    title = {Uber suspends self-driving car program after Arizona crash},
    author={{CNBC}},
    year = {2017},
    note = {\url{http://www.cnbc.com/2017/03/26/uber-self-driving-car-arizona-crash-suspended.html} Accessed: Feb. 2024.}
}

@misc{nytimes,
    title = {Self-Driving Tesla Was Involved in Fatal Crash, U.S. Says},
    author={{New York Times}},
    year = {2016},
    note = {\url{http://www.nytimes.com/2016/07/01/business/self-driving-tesla-fatal-crash-investigation.html} Accessed: Feb. 2024.}
}

@inproceedings{Bhattacharyya.2018,
  title={Multi-agent imitation learning for driving simulation},
  author={Bhattacharyya, Raunak P and Phillips, Derek J and Wulfe, Blake and Morton, Jeremy and Kuefler, Alex and Kochenderfer, Mykel J},
  booktitle={2018 IEEE/RSJ International Conference on Intelligent Robots and Systems (IROS)},
  pages={1534--1539},
  year={2018},
  organization={IEEE}
}

@article{Rosero.2020,
  title={A software architecture for autonomous vehicles: Team lrm-b entry in the first carla autonomous driving challenge},
  author={Rosero, Luis Alberto and Gomes, Iago Pacheco and da Silva, J{\'u}nior Anderson Rodrigues and Santos, Tiago Cesar dos and Nakamura, Angelica Tiemi Mizuno and Amaro, Jean and Wolf, Denis Fernando and Os{\'o}rio, Fernando Santos},
  journal={arXiv preprint arXiv:2010.12598},
  year={2020}
}

@inproceedings{Toromanoff.2020,
  title={End-to-end model-free reinforcement learning for urban driving using implicit affordances},
  author={Toromanoff, Marin and Wirbel, Emilie and Moutarde, Fabien},
  booktitle={Proceedings of the IEEE/CVF conference on computer vision and pattern recognition},
  pages={7153--7162},
  year={2020}
}

@phdthesis{Jaeger.2021,
  title={Expert drivers for autonomous driving},
  author={Jaeger, Bernhard},
  year={2021},
  school={Masterâ€™s thesis, University of T{\"u}bingen, 2021. 5.4. 4}
}

@inproceedings{Prakash.2021,
  title={Multi-modal fusion transformer for end-to-end autonomous driving},
  author={Prakash, Aditya and Chitta, Kashyap and Geiger, Andreas},
  booktitle={Proceedings of the IEEE/CVF Conference on Computer Vision and Pattern Recognition},
  pages={7077--7087},
  year={2021}
}

@inproceedings{Gog.2021,
  title={Pylot: A modular platform for exploring latency-accuracy tradeoffs in autonomous vehicles},
  author={Gog, Ionel and Kalra, Sukrit and Schafhalter, Peter and Wright, Matthew A and Gonzalez, Joseph E and Stoica, Ion},
  booktitle={2021 IEEE International Conference on Robotics and Automation (ICRA)},
  pages={8806--8813},
  year={2021},
  organization={IEEE}
}

@article{Chekroun.2023,
  title={GRI: General Reinforced Imitation and its application to vision-based autonomous driving},
  author={Chekroun, Raphael and Toromanoff, Marin and Hornauer, Sascha and Moutarde, Fabien},
  journal={Robotics},
  volume={12},
  number={5},
  pages={127},
  year={2023},
  publisher={MDPI}
}

@article{Chitta.2022,
  title={Transfuser: Imitation with transformer-based sensor fusion for autonomous driving},
  author={Chitta, Kashyap and Prakash, Aditya and Jaeger, Bernhard and Yu, Zehao and Renz, Katrin and Geiger, Andreas},
  journal={IEEE Transactions on Pattern Analysis and Machine Intelligence},
  year={2022},
  publisher={IEEE}
}

@inproceedings{Chen.2022,
  title={Learning from all vehicles},
  author={Chen, Dian and Kr{\"a}henb{\"u}hl, Philipp},
  booktitle={Proceedings of the IEEE/CVF Conference on Computer Vision and Pattern Recognition},
  pages={17222--17231},
  year={2022}
}

@inproceedings{Zhang.2022,
  title={Learning to drive by watching youtube videos: Action-conditioned contrastive policy pretraining},
  author={Zhang, Qihang and Peng, Zhenghao and Zhou, Bolei},
  booktitle={European Conference on Computer Vision},
  pages={111--128},
  year={2022},
  organization={Springer}
}

@article{Peng.2021,
  title={Learning to simulate self-driven particles system with coordinated policy optimization},
  author={Peng, Zhenghao and Li, Quanyi and Hui, Ka Ming and Liu, Chunxiao and Zhou, Bolei},
  journal={Advances in Neural Information Processing Systems},
  volume={34},
  pages={10784--10797},
  year={2021}
}

@article{Gutierrez.2022,
  title={Reinforcement learning-based autonomous driving at intersections in CARLA simulator},
  author={Guti{\'e}rrez-Moreno, Rodrigo and Barea, Rafael and L{\'o}pez-Guill{\'e}n, Elena and Araluce, Javier and Bergasa, Luis M},
  journal={Sensors},
  volume={22},
  number={21},
  pages={8373},
  year={2022},
  publisher={MDPI}
}

@article{Hu.2022,
  title={Goal-oriented Autonomous Driving},
  author={Hu, Yihan and Yang, Jiazhi and Chen, Li and Li, Keyu and Sima, Chonghao and Zhu, Xizhou and Chai, Siqi and Du, Senyao and Lin, Tianwei and Wang, Wenhai and others},
  journal={arXiv preprint arXiv:2212.10156},
  year={2022}
}

@inproceedings{Hu.2023,
  title={Planning-oriented autonomous driving},
  author={Hu, Yihan and Yang, Jiazhi and Chen, Li and Li, Keyu and Sima, Chonghao and Zhu, Xizhou and Chai, Siqi and Du, Senyao and Lin, Tianwei and Wang, Wenhai and others},
  booktitle={Proceedings of the IEEE/CVF Conference on Computer Vision and Pattern Recognition},
  pages={17853--17862},
  year={2023}
}

@article{Chen.2023,
  title={End-to-end autonomous driving: Challenges and frontiers},
  author={Chen, Li and Wu, Penghao and Chitta, Kashyap and Jaeger, Bernhard and Geiger, Andreas and Li, Hongyang},
  journal={arXiv preprint arXiv:2306.16927},
  year={2023}
}

@mastersthesis{Pulkkinen.2023,
    author={Pulkkinen, Joonas and others},
    title={Graph-based representations for policy learning in a multi-agent autonomous driving scenario},
    school = {Aalto University},
    year = {2023}
}


@article{Jaeger.2023,
  title={Hidden Biases of End-to-End Driving Models},
  author={Jaeger, Bernhard and Chitta, Kashyap and Geiger, Andreas},
  journal={arXiv preprint arXiv:2306.07957},
  year={2023}
}

@inproceedings{Shao.2023.ReasonNet,
  title={ReasonNet: End-to-End Driving with Temporal and Global Reasoning},
  author={Shao, Hao and Wang, Letian and Chen, Ruobing and Waslander, Steven L and Li, Hongsheng and Liu, Yu},
  booktitle={Proceedings of the IEEE/CVF Conference on Computer Vision and Pattern Recognition},
  pages={13723--13733},
  year={2023}
}

@inproceedings{Shao.2023,
  title={Safety-enhanced autonomous driving using interpretable sensor fusion transformer},
  author={Shao, Hao and Wang, Letian and Chen, Ruobing and Li, Hongsheng and Liu, Yu},
  booktitle={Conference on Robot Learning},
  pages={726--737},
  year={2023},
  organization={PMLR}
}

@article{Nehme.2023,
  title={Safe Navigation: Training Autonomous Vehicles using Deep Reinforcement Learning in CARLA},
  author={Nehme, Ghadi and Deo, Tejas Y},
  journal={arXiv preprint arXiv:2311.10735},
  year={2023}
}

@inproceedings{Xu.2024,
  title={Towards Motion Forecasting with Real-World Perception Inputs: Are End-to-End Approaches Competitive?},
  author={Xu, Yihong and Chambon, Loick and Chen, Micka{\"e}l and Alahi, Alexandre and Cord, Matthieu and Perez, Patrick and others},
  booktitle={International Conference on Robotics and Automation (ICRA)},
  year={2024}
}

@article{Zhang.2023,
  title={TrafficBots: Towards World Models for Autonomous Driving Simulation and Motion Prediction},
  author={Zhang, Zhejun and Liniger, Alexander and Dai, Dengxin and Yu, Fisher and Van Gool, Luc},
  journal={arXiv preprint arXiv:2303.04116},
  year={2023}
}

@mastersthesis{Kummervold.2023,
  title={Training of Reinforcement Learning Agents for Autonomous Driving in Simulated Environments},
  author={Kummervold, Sindre Byrkjedal},
  year={2023},
  school={NTNU}
}

@article{Singh.2023,
  title={Transformer-based sensor fusion for autonomous driving: A survey},
  author={Singh, Apoorv},
  journal={arXiv preprint arXiv:2302.11481},
  year={2023}
}