@inproceedings{DBLP:conf/amcc/0002BD20,
  author    = {Manish Goyal and
               David Bergman and
               Parasara Sridhar Duggirala},
  title     = {Generating Longest Counterexample: On the Cross-roads of Mixed Integer
               Linear Programming and {SMT}},
  booktitle = {{ACC}},
  pages     = {1823--1829},
  publisher = {{IEEE}},
  year      = {2020}
}

@inproceedings{DBLP:conf/adhs/GoyalD18,
  author    = {Manish Goyal and
               Parasara Sridhar Duggirala},
  title     = {On Generating {A} Variety of Unsafe Counterexamples for Linear Dynamical
               Systems},
  booktitle = {{ADHS}},
  series    = {IFAC-PapersOnLine},
  volume    = {51 (16)},
  pages     = {139--144},
  publisher = {Elsevier},
  year      = {2018}
}

@article{DBLP:journals/automatica/GoyalD20,
  author    = {Manish Goyal and
               Parasara Sridhar Duggirala},
  title     = {Extracting counterexamples induced by safety violation in linear hybrid
               systems},
  journal   = {Automatica},
  volume    = {117},
  pages     = {109005},
  year      = {2020},
  url       = {https://doi.org/10.1016/j.automatica.2020.109005},
  doi       = {10.1016/j.automatica.2020.109005},
  timestamp = {Fri, 12 Jun 2020 12:40:18 +0200},
  biburl    = {https://dblp.org/rec/journals/automatica/GoyalD20.bib},
  bibsource = {dblp computer science bibliography, https://dblp.org}
}

@article{DBLP:journals/corr/abs-2311-15343,
  author       = {Manish Goyal and
                  David Bergman and
                  Parasara Sridhar Duggirala},
  title        = {{BDD} for Complete Characterization of a Safety Violation in Linear
                  Systems with Inputs},
  journal      = {CoRR},
  volume       = {abs/2311.15343},
  year         = {2023},
  url          = {https://doi.org/10.48550/arXiv.2311.15343},
  doi          = {10.48550/ARXIV.2311.15343},
  eprinttype    = {arXiv},
  eprint       = {2311.15343},
  timestamp    = {Fri, 01 Dec 2023 15:49:58 +0100},
  biburl       = {https://dblp.org/rec/journals/corr/abs-2311-15343.bib},
  bibsource    = {dblp computer science bibliography, https://dblp.org}
}

@article{DBLP:journals/tcad/GoyalDD22,
  author       = {Manish Goyal and
                  Miheer Dewaskar and
                  Parasara Sridhar Duggirala},
  title        = {NExG: Provable and Guided State-Space Exploration of Neural Network
                  Control Systems Using Sensitivity Approximation},
  journal      = {{IEEE} Trans. Comput. Aided Des. Integr. Circuits Syst.},
  volume       = {41},
  number       = {11},
  pages        = {4265--4276},
  year         = {2022},
  url          = {https://doi.org/10.1109/TCAD.2022.3197524},
  doi          = {10.1109/TCAD.2022.3197524},
  timestamp    = {Sun, 13 Nov 2022 17:52:49 +0100},
  biburl       = {https://dblp.org/rec/journals/tcad/GoyalDD22.bib},
  bibsource    = {dblp computer science bibliography, https://dblp.org}
}

@inproceedings{DBLP:conf/atva/0002D20,
  author       = {Manish Goyal and
                  Parasara Sridhar Duggirala},
  editor       = {Dang Van Hung and
                  Oleg Sokolsky},
  title        = {NeuralExplorer: State Space Exploration of Closed Loop Control Systems
                  Using Neural Networks},
  booktitle    = {Automated Technology for Verification and Analysis - 18th International
                  Symposium, {ATVA} 2020, Hanoi, Vietnam, October 19-23, 2020, Proceedings},
  series       = {Lecture Notes in Computer Science},
  volume       = {12302},
  pages        = {75--91},
  publisher    = {Springer},
  year         = {2020},
  url          = {https://doi.org/10.1007/978-3-030-59152-6\_4},
  doi          = {10.1007/978-3-030-59152-6\_4},
  timestamp    = {Tue, 13 Oct 2020 16:57:38 +0200},
  biburl       = {https://dblp.org/rec/conf/atva/0002D20.bib},
  bibsource    = {dblp computer science bibliography, https://dblp.org}
}

@phdthesis{DBLP:phd/basesearch/Goyal22,
  author       = {Manish Goyal},
  title        = {Behavioral validation in Cyber-physical systems: Safety violations
                  and beyond},
  school       = {University of North Carolina, Chapel Hill, {USA}},
  year         = {2022},
  url          = {https://doi.org/10.17615/hjmb-c447},
  doi          = {10.17615/HJMB-C447},
  timestamp    = {Sat, 01 Jul 2023 12:06:45 +0200},
  biburl       = {https://dblp.org/rec/phd/basesearch/Goyal22.bib},
  bibsource    = {dblp computer science bibliography, https://dblp.org}
}



@inproceedings{tiwari2002series,
  title={Series of abstractions for hybrid automata},
  author={Tiwari, Ashish and Khanna, Gaurav},
  booktitle={International Workshop on Hybrid Systems: Computation and Control},
  pages={465--478},
  year={2002},
  organization={Springer}
}

@article{prabhakar2015hybrid,
  title={Hybrid automata-based cegar for rectangular hybrid systems},
  author={Prabhakar, Pavithra and Duggirala, Parasara Sridhar and Mitra, Sayan and Viswanathan, Mahesh},
  journal={Formal Methods in System Design},
  volume={46},
  number={2},
  pages={105--134},
  year={2015},
  publisher={Springer}
}

% + 
@inproceedings{georgeff1987reactive,
  title={Reactive reasoning and planning.},
  author={Georgeff, Michael P and Lansky, Amy L},
  booktitle={AAAI},
  volume={87},
  pages={677--682},
  year={1987}
}

% + 
@article{belkhouche2009reactive,
  title={Reactive path planning in a dynamic environment},
  author={Belkhouche, Fethi},
  journal={IEEE Transactions on Robotics},
  volume={25},
  number={4},
  pages={902--911},
  year={2009},
  publisher={IEEE}
  }

% + 
@inproceedings{bruce2002real,
  title={Real-time randomized path planning for robot navigation},
  author={Bruce, James and Veloso, Manuela M},
  booktitle={Robot Soccer World Cup},
  pages={288--295},
  year={2002},
  organization={Springer}
  }

% + 
@inproceedings{dumonteil2015reactive,
  title={Reactive planning on a collaborative robot for industrial applications},
  author={Dumonteil, Gautier and Manfredi, Guido and Devy, Michel and Confetti, Ambroise and Sidobre, Daniel},
  booktitle={2015 12th International Conference on Informatics in Control, Automation and Robotics (ICINCO)},
  volume={2},
  pages={450--457},
  year={2015},
  organization={IEEE}
  }

%   Collaborative 

% + 
@inproceedings{redding2007real,
  title={A real-time obstacle detection and reactive path planning system for autonomous small-scale helicopters},
  author={Redding, Joshua and Amin, Jayesh and Boskovic, Jovan and Kang, Yeonsik and Hedrick, Karl and Howlett, Jason and Poll, Scott},
  booktitle={AIAA Guidance, Navigation and Control Conference and Exhibit},
  pages={6413},
  year={2007}
  }

%   Efficiency

% + 
@article{sharma2012reactive,
  title={Reactive path planning for micro air vehicles using bearing-only measurements},
  author={Sharma, Rajnikant and Saunders, Jeffery B and Beard, Randal W},
  journal={Journal of Intelligent \&amp; Robotic Systems},
  volume={65},
  number={1},
  pages={409--416},
  year={2012},
  publisher={Springer}
  }

%   Efficiency

% + 
@inproceedings{petres2011reactive,
  title={Reactive path planning for autonomous sailboat},
  author={P{\^e}tr{\`e}s, Cl{\'e}ment and Romero-Ramirez, Miguel-Angel and Plumet, Fr{\'e}d{\'e}ric},
  booktitle={2011 15th International Conference on Advanced Robotics (ICAR)},
  pages={112--117},
  year={2011},
  organization={IEEE}
  }

%   Efficiency

% + 
@article{vasile2020reactive,
  title={Reactive sampling-based path planning with temporal logic specifications},
  author={Vasile, Cristian Ioan and Li, Xiao and Belta, Calin},
  journal={The International Journal of Robotics Research},
  volume={39},
  number={8},
  pages={1002--1028},
  year={2020},
  publisher={SAGE Publications Sage UK: London, England}
  }

@inproceedings{vasile2014reactive,
  title={Reactive sampling-based temporal logic path planning},
  author={Vasile, Cristian Ioan and Belta, Calin},
  booktitle={2014 IEEE International Conference on Robotics and Automation (ICRA)},
  pages={4310--4315},
  year={2014},
  organization={IEEE}
  }

@article{moreau2019reactive,
  title={Reactive path planning in intersection for autonomous vehicle},
  author={Moreau, Julien and Melchior, Pierre and Victor, St{\'e}phane and Cassany, Louis and Moze, Mathieu and Aioun, Fran{\c{c}}ois and Guillemard, Franck},
  journal={IFAC-PapersOnLine},
  volume={52},
  number={5},
  pages={109--114},
  year={2019},
  publisher={Elsevier}
  }

@inproceedings{moreau2019reactive-be,
  title={Reactive path planning for autonomous vehicle using B{\'e}zier curve optimization},
  author={Moreau, Julien and Melchior, Pierre and Victor, St{\'e}phane and Moze, Mathieu and Aioun, Fran{\c{c}}ois and Guillemard, Franck},
  booktitle={2019 IEEE Intelligent Vehicles Symposium (IV)},
  pages={1048--1053},
  year={2019},
  organization={IEEE}
  }


@article{luckcuck2019formal,
  title={Formal specification and verification of autonomous robotic systems: A survey},
  author={Luckcuck, Matt and Farrell, Marie and Dennis, Louise A and Dixon, Clare and Fisher, Michael},
  journal={ACM Computing Surveys (CSUR)},
  volume={52},
  number={5},
  pages={1--41},
  year={2019},
  publisher={ACM New York, NY, USA}
  }



@article{kress2009temporal,
  title={Temporal-logic-based reactive mission and motion planning},
  author={Kress-Gazit, Hadas and Fainekos, Georgios E and Pappas, George J},
  journal={IEEE transactions on robotics},
  volume={25},
  number={6},
  pages={1370--1381},
  year={2009},
  publisher={IEEE}
}

@article{fainekos2009temporal,
  title={Temporal logic motion planning for dynamic robots},
  author={Fainekos, Georgios E and Girard, Antoine and Kress-Gazit, Hadas and Pappas, George J},
  journal={Automatica},
  volume={45},
  number={2},
  pages={343--352},
  year={2009},
  publisher={Elsevier}
}

@ARTICLE{Kloetzertemp,
author={M. {Kloetzer} and C. {Belta}},
journal={IEEE Transactions on Robotics},
title={Automatic Deployment of Distributed Teams of Robots From Temporal Logic Motion Specifications},
year={2010}
}

@ARTICLE{AlthoffDolan,
author={M. {Althoff} and J. M. {Dolan}},
journal={IEEE Transactions on Robotics},
title={Online Verification of Automated Road Vehicles Using Reachability Analysis},
year={2014}
}

@ARTICLE{LygerosSastry,
author={J. {Lygeros} and D. N. {Godbole} and S. {Sastry}},
journal={IEEE Transactions on Automatic Control},
title={Verified hybrid controllers for automated vehicles},
year={1998}
}

@InProceedings{ACCVerified,
author="Loos, Sarah M.
and Platzer, Andr{\'e}
and Nistor, Ligia",
editor="Butler, Michael
and Schulte, Wolfram",
title="Adaptive Cruise Control: Hybrid, Distributed, and Now Formally Verified",
booktitle="FM 2011: Formal Methods",
year="2011"
}

@ARTICLE{ACCTwoApproaches,
author={P. {Nilsson} and O. {Hussien} and A. {Balkan} and Y. {Chen} and A. D. {Ames} and J. W. {Grizzle} and N. {Ozay} and H. {Peng} and P. {Tabuada}},
journal={IEEE Transactions on Control Systems Technology},
title={Correct-by-Construction Adaptive Cruise Control: Two Approaches},
year={2016}
}

@article{paden2016survey,
  title={A survey of motion planning and control techniques for self-driving urban vehicles},
  author={Paden, Brian and {\v{C}}{\'a}p, Michal and Yong, Sze Zheng and Yershov, Dmitry and Frazzoli, Emilio},
  journal={IEEE Transactions on intelligent vehicles},
  volume={1},
  number={1},
  pages={33--55},
  year={2016},
  publisher={IEEE}
}

%Hierarchical

@article{miller2008team,
  title={Team Cornell's Skynet: Robust perception and planning in an urban environment},
  author={Miller, Isaac and Campbell, Mark and Huttenlocher, Dan and Kline, Frank-Robert and Nathan, Aaron and Lupashin, Sergei and Catlin, Jason and Schimpf, Brian and Moran, Pete and Zych, Noah and others},
  journal={Journal of Field Robotics},
  volume={25},
  number={8},
  pages={493--527},
  year={2008},
  publisher={Wiley Online Library}
}

%Discretization

@article{urmson2008autonomous,
  title={Autonomous driving in urban environments: Boss and the urban challenge},
  author={Urmson, Chris and Anhalt, Joshua and Bagnell, Drew and Baker, Christopher and Bittner, Robert and Clark, MN and Dolan, John and Duggins, Dave and Galatali, Tugrul and Geyer, Chris and others},
  journal={Journal of Field Robotics},
  volume={25},
  number={8},
  pages={425--466},
  year={2008},
  publisher={Wiley Online Library}
}


%Geometry based path planning. (voronoi simplification)

@article{thrun2006stanley,
  title={Stanley: The robot that won the DARPA Grand Challenge},
  author={Thrun, Sebastian and Montemerlo, Mike and Dahlkamp, Hendrik and Stavens, David and Aron, Andrei and Diebel, James and Fong, Philip and Gale, John and Halpenny, Morgan and Hoffmann, Gabriel and others},
  journal={Journal of field Robotics},
  volume={23},
  number={9},
  pages={661--692},
  year={2006},
  publisher={Wiley Online Library}
}

@article{montemerlo2008junior,
  title={Junior: The stanford entry in the urban challenge},
  author={Montemerlo, Michael and Becker, Jan and Bhat, Suhrid and Dahlkamp, Hendrik and Dolgov, Dmitri and Ettinger, Scott and Haehnel, Dirk and Hilden, Tim and Hoffmann, Gabe and Huhnke, Burkhard and others},
  journal={Journal of field Robotics},
  volume={25},
  number={9},
  pages={569--597},
  year={2008},
  publisher={Wiley Online Library}
}


%Voronoi 

@article{takahashi1989motion,
  title={Motion planning in a plane using generalized Voronoi diagrams},
  author={Takahashi, Osamu and Schilling, Robert J},
  journal={IEEE Transactions on robotics and automation},
  volume={5},
  number={2},
  pages={143--150},
  year={1989},
  publisher={IEEE}
}

@inproceedings{shkolnik2009reachability,
  title={Reachability-guided sampling for planning under differential constraints},
  author={Shkolnik, Alexander and Walter, Matthew and Tedrake, Russ},
  booktitle={2009 IEEE International Conference on Robotics and Automation},
  pages={2859--2865},
  year={2009},
  organization={IEEE}
}

@book{lavalle2006planning,
  title={Planning algorithms},
  author={LaValle, Steven M},
  year={2006},
  publisher={Cambridge university press}
}

%PRM

@article{kavraki1996probabilistic,
  title={Probabilistic roadmaps for path planning in high-dimensional configuration spaces},
  author={Kavraki, Lydia E and Svestka, Petr and Latombe, J-C and Overmars, Mark H},
  journal={IEEE transactions on Robotics and Automation},
  volume={12},
  number={4},
  pages={566--580},
  year={1996},
  publisher={IEEE}
}


@article{karaman2011sampling,
  title={Sampling-based algorithms for optimal motion planning},
  author={Karaman, Sertac and Frazzoli, Emilio},
  journal={The international journal of robotics research},
  volume={30},
  number={7},
  pages={846--894},
  year={2011},
  publisher={Sage Publications Sage UK: London, England}
}

%[modifications]

@inproceedings{xu2012real,
  title={A real-time motion planner with trajectory optimization for autonomous vehicles},
  author={Xu, Wenda and Wei, Junqing and Dolan, John M and Zhao, Huijing and Zha, Hongbin},
  booktitle={2012 IEEE International Conference on Robotics and Automation},
  pages={2061--2067},
  year={2012},
  organization={IEEE}
}

@inproceedings{aoude2010threat,
  title={Threat-aware path planning in uncertain urban environments},
  author={Aoude, Georges S and Luders, Brandon D and Levine, Daniel S and How, Jonathan P},
  booktitle={2010 IEEE/RSJ International Conference on Intelligent Robots and Systems},
  pages={6058--6063},
  year={2010},
  organization={IEEE}
}

@inproceedings{levinson2011towards,
  title={Towards fully autonomous driving: Systems and algorithms},
  author={Levinson, Jesse and Askeland, Jake and Becker, Jan and Dolson, Jennifer and Held, David and Kammel, Soeren and Kolter, J Zico and Langer, Dirk and Pink, Oliver and Pratt, Vaughan and others},
  booktitle={2011 IEEE Intelligent Vehicles Symposium (IV)},
  pages={163--168},
  year={2011},
  organization={IEEE}
}

@inproceedings{perez2012lqr,
  title={LQR-RRT*: Optimal sampling-based motion planning with automatically derived extension heuristics},
  author={Perez, Alejandro and Platt, Robert and Konidaris, George and Kaelbling, Leslie and Lozano-Perez, Tomas},
  booktitle={2012 IEEE International Conference on Robotics and Automation},
  pages={2537--2542},
  year={2012},
  organization={IEEE}
}

@article{kant1986toward,
  title={Toward efficient trajectory planning: The path-velocity decomposition},
  author={Kant, Kamal and Zucker, Steven W},
  journal={The international journal of robotics research},
  volume={5},
  number={3},
  pages={72--89},
  year={1986},
  publisher={Sage Publications Sage CA: Thousand Oaks, CA}
}


%pure pursuit
@inproceedings{park2014development,
  title={Development of lateral control system for autonomous vehicle based on adaptive pure pursuit algorithm},
  author={Park, Myung-Wook and Lee, Sang-Woo and Han, Woo-Yong},
  booktitle={2014 14th International Conference on Control, Automation and Systems (ICCAS)},
  pages={1443--1447},
  year={2014},
  organization={IEEE}
}

%stanley
@inproceedings{hoffmann2007autonomous,
  title={Autonomous automobile trajectory tracking for off-road driving: Controller design, experimental validation and racing},
  author={Hoffmann, Gabriel M and Tomlin, Claire J and Montemerlo, Michael and Thrun, Sebastian},
  booktitle={2007 American Control Conference},
  pages={2296--2301},
  year={2007},
  organization={IEEE}
}



%MPC
@article{talvala2011pushing,
  title={Pushing the limits: From lanekeeping to autonomous racing},
  author={Talvala, Kirstin LR and Kritayakirana, Krisada and Gerdes, J Christian},
  journal={Annual Reviews in Control},
  volume={35},
  number={1},
  pages={137--148},
  year={2011},
  publisher={Elsevier}
}


@incollection{de1998feedback,
  title={Feedback control of a nonholonomic car-like robot},
  author={De Luca, Alessandro and Oriolo, Giuseppe and Samson, Claude},
  booktitle={Robot motion planning and control},
  pages={171--253},
  year={1998},
  publisher={Springer}
}

@article{murray1993nonholonomic,
  title={Nonholonomic motion planning: Steering using sinusoids},
  author={Murray, Richard M and Sastry, Sosale Shankara},
  journal={IEEE transactions on Automatic Control},
  volume={38},
  number={5},
  pages={700--716},
  year={1993},
  publisher={IEEE}
}

%MPC

@article{falcone2007predictive,
  title={Predictive active steering control for autonomous vehicle systems},
  author={Falcone, Paolo and Borrelli, Francesco and Asgari, Jahan and Tseng, Hongtei Eric and Hrovat, Davor},
  journal={IEEE Transactions on control systems technology},
  volume={15},
  number={3},
  pages={566--580},
  year={2007},
  publisher={IEEE}
}

@article{raffo2009predictive,
  title={A predictive controller for autonomous vehicle path tracking},
  author={Raffo, Guilherme V and Gomes, Guilherme K and Normey-Rico, Julio E and Kelber, Christian R and Becker, Leandro B},
  journal={IEEE transactions on intelligent transportation systems},
  volume={10},
  number={1},
  pages={92--102},
  year={2009},
  publisher={IEEE}
}

@article{falcone2008linear,
  title={Linear time-varying model predictive control and its application to active steering systems: Stability analysis and experimental validation},
  author={Falcone, Paolo and Borrelli, Francesco and Tseng, H Eric and Asgari, Jahan and Hrovat, Davor},
  journal={International Journal of Robust and Nonlinear Control: IFAC-Affiliated Journal},
  volume={18},
  number={8},
  pages={862--875},
  year={2008},
  publisher={Wiley Online Library}
}



@inproceedings{Amidi.1991,
  title={Integrated mobile robot control},
  author={Amidi, Omead and Thorpe, Chuck E},
  booktitle={Mobile Robots V},
  volume={1388},
  pages={504--523},
  year={1991},
  organization={International Society for Optics and Photonics}
}

@Article{machines5010006,
AUTHOR = {Pendleton, Scott Drew and Andersen, Hans and Du, Xinxin and Shen, Xiaotong and Meghjani, Malika and Eng, You Hong and Rus, Daniela and Ang, Marcelo H.},
TITLE = {Perception, Planning, Control, and Coordination for Autonomous Vehicles},
JOURNAL = {Machines},
VOLUME = {5},
YEAR = {2017},
NUMBER = {1},
ARTICLE-NUMBER = {6},
ISSN = {2075-1702},
DOI = {10.3390/machines5010006}
}

@misc{Gold1995VoronoiDO,
  title={Voronoi diagrams of line segments made easy},
  author={Christopher M. Gold and Peter R. Remmele and Thomas Roos},
  year={1995}
}

@misc{Gold.1994,
  title={SPATIAL TESSELLATIONS-CONCEPTS AND APPLICATIONS OF VORONOI DIAGRAMS-OKABE, A, BOOTS, B, SUGIHARA, K},
  author={Gold, CM},
  year={1994},
  publisher={TAYLOR \& FRANCIS LTD ONE GUNDPOWDER SQUARE, LONDON, ENGLAND EC4A 3DE}
}

@book{Schling:2011:BCL:2049814,
 author = {Schling, Boris},
 title = {The Boost C++ Libraries},
 year = {2011},
 isbn = {0982219199, 9780982219195},
 publisher = {XML Press},
}

@misc{voronoiboost,
  author = "A. Sydorchuk",
  title = "Voronoi Diagram",
  howpublished = "\url{https://www.boost.org/doc/libs/1\_60\_0/libs/polygon/doc/voronoi\_diagram.htm}",
 year= {2010}
 }
 
@misc{f1tenth, 
title={F1Tenth website}, url={https://f1tenth.org/}, journal={F1TENTH}
} 
 
@article{Snider.2009,
  title={Automatic steering methods for autonomous automobile path tracking},
  author={Snider, Jarrod M and others},
  journal={Robotics Institute, Pittsburgh, PA, Tech. Rep. CMU-RITR-09-08},
  year={2009}
}
@InProceedings{10.1007/978-3-642-39799-8_18,
author="Chen, Xin
and {\'A}brah{\'a}m, Erika
and Sankaranarayanan, Sriram",
editor="Sharygina, Natasha
and Veith, Helmut",
title="Flow*: An Analyzer for Non-linear Hybrid Systems",
booktitle="Computer Aided Verification",
year="2013",
publisher="Springer Berlin Heidelberg",
address="Berlin, Heidelberg",
pages="258--263",
abstract="The tool Flow* performs Taylor model-based flowpipe construction for non-linear (polynomial) hybrid systems. Flow* combines well-known Taylor model arithmetic techniques for guaranteed approximations of the continuous dynamics in each mode with a combination of approaches for handling mode invariants and discrete transitions. Flow* supports a wide variety of optimizations including adaptive step sizes, adaptive selection of approximation orders and the heuristic selection of template directions for aggregating flowpipes. This paper describes Flow* and demonstrates its performance on a series of non-linear continuous and hybrid system benchmarks. Our comparisons show that Flow* is competitive with other tools.",
isbn="978-3-642-39799-8"
}

@inproceedings{Althoff2018b,
	author = "Althoff, M. and Grebenyuk, D. and Kochdumper, N.", 
	title = "Implementation of Taylor Models in CORA 2018",
	pages = "145-173",
	booktitle = "Proc. of the 5th International Workshop on Applied Verification for Continuous and Hybrid Systems",
	year = "2018",
}

@inproceedings{Duggirala.2015,
  title={C2E2: A verification tool for stateflow models},
  author={Duggirala, Parasara Sridhar and Mitra, Sayan and Viswanathan, Mahesh and Potok, Matthew},
  booktitle={International Conference on Tools and Algorithms for the Construction and Analysis of Systems},
  pages={68--82},
  year={2015},
  organization={Springer}
}

@article{ALUR19953,
title = {The algorithmic analysis of hybrid systems},
journal = {Theoretical Computer Science},
volume = {138},
number = {1},
pages = {3-34},
year = {1995},
note = {Hybrid Systems},
issn = {0304-3975},
doi = {https://doi.org/10.1016/0304-3975(94)00202-T},
url = {https://www.sciencedirect.com/science/article/pii/030439759400202T},
author = {R. Alur and C. Courcoubetis and N. Halbwachs and T.A. Henzinger and P.-H. Ho and X. Nicollin and A. Olivero and J. Sifakis and S. Yovine},}

@InProceedings{10.1007/3-540-46430-1_6,
author="Asarin, Eugene
and Bournez, Olivier
and Dang, Thao
and Maler, Oded",
editor="Lynch, Nancy
and Krogh, Bruce H.",
title="Approximate Reachability Analysis of Piecewise-Linear Dynamical Systems",
booktitle="Hybrid Systems: Computation and Control",
year="2000",
publisher="Springer Berlin Heidelberg",
address="Berlin, Heidelberg",
pages="20--31",
abstract="In this paper we describe an experimental system called d/dt for approximating reachable states for hybrid systems whose continuous dynamics is defined by linear differential equations. We use an approximation algorithm whose accumulation of errors during the continuous evolution is much smaller than in previously-used methods. The d/dt system can, so far, treat non-trivial continuous systems, hybrid systems, convex differential inclusions and controller synthesis problems.",
isbn="978-3-540-46430-3"
}







@article{Dolgov.2010,
  title={Path planning for autonomous vehicles in unknown semi-structured environments},
  author={Dolgov, Dmitri and Thrun, Sebastian and Montemerlo, Michael and Diebel, James},
  journal={The International Journal of Robotics Research},
  volume={29},
  number={5},
  pages={485--501},
  year={2010},
  publisher={SAGE Publications Sage UK: London, England}
}

@inproceedings{Das.2011,
  title={Graph based path planning in unknown environments using voronoi diagrams},
  author={Das, A and Mukherjee, P and Wang, C and Salas, G and Bedi, S and Waslander, S},
  booktitle={Canadian Congress of Applied Mechanics, Proceedings of the 2011},
  year={2011},
  organization={Vancouver, BC}
}

@inproceedings{Lee.2014,
  title={Local path planning in a complex environment for self-driving car},
  author={Lee, Unghui and Yoon, Sangyol and Shim, HyunChul and Vasseur, Pascal and Demonceaux, Cedric},
  booktitle={The 4th Annual IEEE International Conference on Cyber Technology in Automation, Control and Intelligent},
  pages={445--450},
  year={2014},
  organization={IEEE}
}

@inproceedings{Sa.2016,
  title={The research of Multi-Layer-Based on Path Planning for generating optimal path},
  author={Sa, Jiwon and Lim, Kyungil and Kim, Jungha},
  booktitle={2016 IEEE Transportation Electrification Conference and Expo, Asia-Pacific (ITEC Asia-Pacific)},
  pages={896--899},
  year={2016},
  organization={IEEE}
}

@inproceedings{Qi.2018,
  title={DryVR 2.0: A tool for verification and controller synthesis of black-box cyber-physical systems},
  author={Qi, Bolun and Fan, Chuchu and Jiang, Minghao and Mitra, Sayan},
  booktitle={Proceedings of the 21st International Conference on Hybrid Systems: Computation and Control (part of CPS Week)},
  pages={269--270},
  year={2018}
}

@inproceedings{Sedighi.2019,
  title={Implementing Voronoi-based Guided Hybrid A* in Global Path Planning for Autonomous Vehicles},
  author={Sedighi, S and Nguyen, D-V and Kapsalas, P and Kuhnert, K-D},
  booktitle={2019 IEEE Intelligent Transportation Systems Conference (ITSC)},
  pages={3845--3852},
  year={2019},
  organization={IEEE}
}

@article{Ort.2019,
  title={Maplite: Autonomous intersection navigation without a detailed prior map},
  author={Ort, Teddy and Murthy, Krishna and Banerjee, Rohan and Gottipati, Sai Krishna and Bhatt, Dhaivat and Gilitschenski, Igor and Paull, Liam and Rus, Daniela},
  journal={IEEE Robotics and Automation Letters},
  volume={5},
  number={2},
  pages={556--563},
  year={2019},
  publisher={IEEE}
}

@article{Vasudevan.2021,
  title={Talk2nav: Long-range vision-and-language navigation with dual attention and spatial memory},
  author={Vasudevan, Arun Balajee and Dai, Dengxin and Van Gool, Luc},
  journal={International Journal of Computer Vision},
  volume={129},
  number={1},
  pages={246--266},
  year={2021},
  publisher={Springer}
}

@inproceedings{Deruyttere.2019,
  title={Talk2Car: Taking Control of Your Self-Driving Car},
  author={Deruyttere, Thierry and Vandenhende, Simon and Grujicic, Dusan and Van Gool, Luc and Moens, Marie Francine},
  booktitle={Proceedings of the 2019 Conference on Empirical Methods in Natural Language Processing and the 9th International Joint Conference on Natural Language Processing (EMNLP-IJCNLP)},
  pages={2088--2098},
  year={2019}
}

@inproceedings{Ivanov.2020,
  title={Case study: verifying the safety of an autonomous racing car with a neural network controller},
  author={Ivanov, Radoslav and Carpenter, Taylor J and Weimer, James and Alur, Rajeev and Pappas, George J and Lee, Insup},
  booktitle={Proceedings of the 23rd International Conference on Hybrid Systems: Computation and Control},
  pages={1--7},
  year={2020}
}

@article{Ivanov-verifying.2020,
  title={Verifying the Safety of Autonomous Systems with Neural Network Controllers},
  author={Ivanov, Radoslav and Carpenter, Taylor J and Weimer, James and Alur, Rajeev and Pappas, George J and Lee, Insup},
  journal={ACM Transactions on Embedded Computing Systems (TECS)},
  volume={20},
  number={1},
  pages={1--26},
  year={2020},
  publisher={ACM New York, NY, USA}
}

@article{Bohrer.2019,
  title={A formal safety net for waypoint-following in ground robots},
  author={Bohrer, Brandon and Tan, Yong Kiam and Mitsch, Stefan and Sogokon, Andrew and Platzer, Andr{\'e}},
  journal={IEEE Robotics and Automation Letters},
  volume={4},
  number={3},
  pages={2910--2917},
  year={2019},
  publisher={IEEE}
}

@inproceedings{Seto.1998,
  title={The Simplex architecture for safe online control system upgrades},
  author={Seto, Danbing and Krogh, Bruce and Sha, Lui and Chutinan, Alongkrit},
  booktitle={Proceedings of the 1998 American Control Conference. ACC (IEEE Cat. No. 98CH36207)},
  volume={6},
  pages={3504--3508},
  year={1998},
  organization={IEEE}
}

@article{Rajabli.2020,
  title={Software Verification and Validation of Safe Autonomous Cars: A Systematic Literature Review},
  author={Rajabli, Nijat and Flammini, Francesco and Nardone, Roberto and Vittorini, Valeria},
  journal={IEEE Access},
  year={2020},
  publisher={IEEE}
}

@article{Zhang.2020,
  title={Testing and verification of neural-network-based safety-critical control software: A systematic literature review},
  author={Zhang, Jin and Li, Jingyue},
  journal={Information and Software Technology},
  volume={123},
  pages={106296},
  year={2020},
  publisher={Elsevier}
}

@misc{Betz.2022,
      title={Autonomous Vehicles on the Edge: A Survey on Autonomous Vehicle Racing}, 
      author={Johannes Betz and Hongrui Zheng and Alexander Liniger and Ugo Rosolia and Phillip Karle and Madhur Behl and Venkat Krovi and Rahul Mangharam},
      year={2022},
      eprint={2202.07008},
      archivePrefix={arXiv},
      primaryClass={cs.RO}
}

@inproceedings{Tai.2017,
  title={Virtual-to-real deep reinforcement learning: Continuous control of mobile robots for mapless navigation},
  author={Tai, Lei and Paolo, Giuseppe and Liu, Ming},
  booktitle={2017 IEEE/RSJ International Conference on Intelligent Robots and Systems (IROS)},
  pages={31--36},
  year={2017},
  organization={IEEE}
}

@article{Flocchini.2012,
  title={Distributed computing by oblivious mobile robots},
  author={Flocchini, Paola and Prencipe, Giuseppe and Santoro, Nicola},
  journal={Synthesis lectures on distributed computing theory},
  volume={3},
  number={2},
  pages={1--185},
  year={2012},
  publisher={Morgan \& Claypool Publishers}
}

@book{Tovar.2009,
  title={Minimalist models and methods for visibility-based tasks},
  author={Tovar, Benjamin},
  year={2009},
  publisher={University of Illinois at Urbana-Champaign}
}