@inproceedings{Julius.2007,
  title={Robust test generation and coverage for hybrid systems},
  author={Julius, A Agung and Fainekos, Georgios E and Anand, Madhukar and Lee, Insup and Pappas, George J},
  booktitle={International Workshop on Hybrid Systems: Computation and Control},
  pages={329--342},
  year={2007},
  organization={Springer}
}

% Notions of coverage for logic programs:
@incollection{Janhunen.2010,
  title={On testing answer-set programs},
  author={Janhunen, Tomi and Niemel{\"a}, Ilkka and Oetsch, Johannes and P{\"u}hrer, J{\"o}rg and Tompits, Hans},
  booktitle={ECAI 2010},
  pages={951--956},
  year={2010},
  publisher={IOS Press}
}

@inproceedings{Adimoolam.2017,
  title={Classification and coverage-based falsification for embedded control systems},
  author={Adimoolam, Arvind and Dang, Thao and Donz{\'e}, Alexandre and Kapinski, James and Jin, Xiaoqing},
  booktitle={Computer Aided Verification: 29th International Conference, CAV 2017, Heidelberg, Germany, July 24-28, 2017, Proceedings, Part I 30},
  pages={483--503},
  year={2017},
  organization={Springer}
}

@inproceedings{Mullins.2017,
  title={Automated generation of diverse and challenging scenarios for test and evaluation of autonomous vehicles},
  author={Mullins, Galen E and Stankiewicz, Paul G and Gupta, Satyandra K},
  booktitle={2017 IEEE international conference on robotics and automation (ICRA)},
  pages={1443--1450},
  year={2017},
  organization={IEEE}
}

@inproceedings{Shiroshita.2020,
  title={Behaviorally diverse traffic simulation via reinforcement learning},
  author={Shiroshita, Shinya and Maruyama, Shirou and Nishiyama, Daisuke and Castro, Mario Ynocente and Hamzaoui, Karim and Rosman, Guy and DeCastro, Jonathan and Lee, Kuan-Hui and Gaidon, Adrien},
  booktitle={2020 IEEE/RSJ International Conference on Intelligent Robots and Systems (IROS)},
  pages={2103--2110},
  year={2020},
  organization={IEEE}
}

@inproceedings{Yin.2021,
  title={Diverse critical interaction generation for planning and planner evaluation},
  author={Yin, Zhao-Heng and Sun, Lingfeng and Sun, Liting and Tomizuka, Masayoshi and Zhan, Wei},
  booktitle={2021 IEEE/RSJ International Conference on Intelligent Robots and Systems (IROS)},
  pages={7036--7043},
  year={2021},
  organization={IEEE}
}

@inproceedings{Tahir.2021,
  title={Intersection focused situation coverage-based verification and validation framework for autonomous vehicles implemented in Carla},
  author={Tahir, Zaid and Alexander, Rob},
  booktitle={International Conference on Modelling and Simulation for Autonomous Systems},
  pages={191--212},
  year={2021},
  organization={Springer}
}

@inproceedings{Tang.2021,
  title={Route coverage testing for autonomous vehicles via map modeling},
  author={Tang, Yun and Zhou, Yuan and Wu, Fenghua and Liu, Yang and Sun, Jun and Huang, Wuling and Wang, Gang},
  booktitle={2021 IEEE International Conference on Robotics and Automation (ICRA)},
  pages={11450--11456},
  year={2021},
  organization={IEEE}
}

@article{Li.2022,
  title={Metadrive: Composing diverse driving scenarios for generalizable reinforcement learning},
  author={Li, Quanyi and Peng, Zhenghao and Feng, Lan and Zhang, Qihang and Xue, Zhenghai and Zhou, Bolei},
  journal={IEEE transactions on pattern analysis and machine intelligence},
  volume={45},
  number={3},
  pages={3461--3475},
  year={2022},
  publisher={IEEE}
}

@inproceedings{Feng.2023,
  title={Trafficgen: Learning to generate diverse and realistic traffic scenarios},
  author={Feng, Lan and Li, Quanyi and Peng, Zhenghao and Tan, Shuhan and Zhou, Bolei},
  booktitle={2023 IEEE International Conference on Robotics and Automation (ICRA)},
  pages={3567--3575},
  year={2023},
  organization={IEEE}
}

@article{Li.2023,
  title={ScenarioNet: Open-Source Platform for Large-Scale Traffic Scenario Simulation and Modeling},
  author={Li, Quanyi and Peng, Zhenghao and Feng, Lan and Duan, Chenda and Mo, Wenjie and Zhou, Bolei and others},
  journal={arXiv preprint arXiv:2306.12241},
  year={2023}
}

@article{Gulino.2024,
  title={Waymax: An accelerated, data-driven simulator for large-scale autonomous driving research},
  author={Gulino, Cole and Fu, Justin and Luo, Wenjie and Tucker, George and Bronstein, Eli and Lu, Yiren and Harb, Jean and Pan, Xinlei and Wang, Yan and Chen, Xiangyu and others},
  journal={Advances in Neural Information Processing Systems},
  volume={36},
  year={2024}
}

