@article{zhou2023specification,
  title={Specification-based autonomous driving system testing},
  author={Zhou, Yuan and Sun, Yang and Tang, Yun and Chen, Yuqi and Sun, Jun and Poskitt, Christopher M and Liu, Yang and Yang, Zijiang},
  journal={IEEE Transactions on Software Engineering},
  year={2023},
  publisher={IEEE}
}

@inproceedings{kim2022drivefuzz,
  title={Drivefuzz: Discovering autonomous driving bugs through driving quality-guided fuzzing},
  author={Kim, Seulbae and Liu, Major and Rhee, Junghwan" John" and Jeon, Yuseok and Kwon, Yonghwi and Kim, Chung Hwan},
  booktitle={Proceedings of the 2022 ACM SIGSAC Conference on Computer and Communications Security},
  pages={1753--1767},
  year={2022}
}

@inproceedings{luo2021targeting,
  title={Targeting requirements violations of autonomous driving systems by dynamic evolutionary search},
  author={Luo, Yixing and Zhang, Xiao-Yi and Arcaini, Paolo and Jin, Zhi and Zhao, Haiyan and Ishikawa, Fuyuki and Wu, Rongxin and Xie, Tao},
  booktitle={2021 36th IEEE/ACM International Conference on Automated Software Engineering (ASE)},
  pages={279--291},
  year={2021},
  organization={IEEE}
}

@inproceedings{tang2021systematic,
  title={Systematic testing of autonomous driving systems using map topology-based scenario classification},
  author={Tang, Yun and Zhou, Yuan and Zhang, Tianwei and Wu, Fenghua and Liu, Yang and Wang, Gang},
  booktitle={2021 36th IEEE/ACM International Conference on Automated Software Engineering (ASE)},
  pages={1342--1346},
  year={2021},
  organization={IEEE}
}

@inproceedings{Tsankov.2013,
  title={Semi-valid input coverage for fuzz testing},
  author={Tsankov, Petar and Dashti, Mohammad Torabi and Basin, David},
  booktitle={Proceedings of the 2013 International Symposium on Software Testing and Analysis},
  pages={56--66},
  year={2013}
}

@article{Bohme.2018,
  title={STADS: Software testing as species discovery},
  author={B{\"o}hme, Marcel},
  journal={ACM Transactions on Software Engineering and Methodology (TOSEM)},
  volume={27},
  number={2},
  pages={1--52},
  year={2018},
  publisher={ACM New York, NY, USA}
}

@inproceedings{Klees.2018,
  title={Evaluating fuzz testing},
  author={Klees, George and Ruef, Andrew and Cooper, Benji and Wei, Shiyi and Hicks, Michael},
  booktitle={Proceedings of the 2018 ACM SIGSAC conference on computer and communications security},
  pages={2123--2138},
  year={2018}
}

@inproceedings{Xie.2019,
  title={Deephunter: a coverage-guided fuzz testing framework for deep neural networks},
  author={Xie, Xiaofei and Ma, Lei and Juefei-Xu, Felix and Xue, Minhui and Chen, Hongxu and Liu, Yang and Zhao, Jianjun and Li, Bo and Yin, Jianxiong and See, Simon},
  booktitle={Proceedings of the 28th ACM SIGSOFT International Symposium on Software Testing and Analysis},
  pages={146--157},
  year={2019}
}

@inproceedings{Bohme.2020,
  title={Boosting fuzzer efficiency: An information theoretic perspective},
  author={B{\"o}hme, Marcel and Man{\`e}s, Valentin JM and Cha, Sang Kil},
  booktitle={Proceedings of the 28th ACM Joint Meeting on European Software Engineering Conference and Symposium on the Foundations of Software Engineering},
  pages={678--689},
  year={2020}
}

@article{Wang.2020,
  title={A systematic review of fuzzing based on machine learning techniques},
  author={Wang, Yan and Jia, Peng and Liu, Luping and Huang, Cheng and Liu, Zhonglin},
  journal={PloS one},
  volume={15},
  number={8},
  pages={e0237749},
  year={2020},
  publisher={Public Library of Science San Francisco, CA USA}
}

@inproceedings{Herrera.2021,
  title={Seed selection for successful fuzzing},
  author={Herrera, Adrian and Gunadi, Hendra and Magrath, Shane and Norrish, Michael and Payer, Mathias and Hosking, Antony L},
  booktitle={Proceedings of the 30th ACM SIGSOFT international symposium on software testing and analysis},
  pages={230--243},
  year={2021}
}

@article{Zhong.2021,
  title={Neural Network Guided Evolutionary Fuzzing for Finding Traffic Violations of Autonomous Vehicles},
  author={Zhong, Ziyuan and Kaiser, Gail and Ray, Baishakhi},
  journal={arXiv preprint arXiv:2109.06126},
  year={2021}
}

@inproceedings{Asprone.2022,
  title={Comparing Fuzzers on a Level Playing Field with FuzzBench},
  author={Asprone, Dario and Metzman, Jonathan and Arya, Abhishek and Guizzo, Giovani and Sarro, Federica},
  booktitle={2022 IEEE Conference on Software Testing, Verification and Validation (ICST)},
  pages={302--311},
  year={2022},
  organization={IEEE}
}

@article{Wolff.2022,
  title={Explainable fuzzer evaluation},
  author={Wolff, Dylan and B{\"o}hme, Marcel and Roychoudhury, Abhik},
  journal={arXiv preprint arXiv:2212.09519},
  year={2022}
}

@article{Eceiza.2023,
  title={Improving fuzzing assessment methods through the analysis of metrics and experimental conditions},
  author={Eceiza, Maialen and Flores, Jose Luis and Iturbe, Mikel},
  journal={Computers \& Security},
  volume={124},
  pages={102946},
  year={2023},
  publisher={Elsevier}
}


@article{hu2021coverage,
  title={Coverage-based scene fuzzing for virtual autonomous driving testing},
  author={Hu, Zhisheng and Guo, Shengjian and Zhong, Zhenyu and Li, Kang},
  journal={arXiv preprint arXiv:2106.00873},
  year={2021}
}

@inproceedings{zhang2018deeproad,
  title={DeepRoad: GAN-based metamorphic testing and input validation framework for autonomous driving systems},
  author={Zhang, Mengshi and Zhang, Yuqun and Zhang, Lingming and Liu, Cong and Khurshid, Sarfraz},
  booktitle={Proceedings of the 33rd ACM/IEEE International Conference on Automated Software Engineering},
  pages={132--142},
  year={2018}
}

@inproceedings{abdessalem2018testing,
  title={Testing autonomous cars for feature interaction failures using many-objective search},
  author={Abdessalem, Raja Ben and Panichella, Annibale and Nejati, Shiva and Briand, Lionel C and Stifter, Thomas},
  booktitle={Proceedings of the 33rd ACM/IEEE International Conference on Automated Software Engineering},
  pages={143--154},
  year={2018}
}

@inproceedings{gambi2019generating,
  title={Generating effective test cases for self-driving cars from police reports},
  author={Gambi, Alessio and Huynh, Tri and Fraser, Gordon},
  booktitle={Proceedings of the 2019 27th ACM Joint Meeting on European Software Engineering Conference and Symposium on the Foundations of Software Engineering},
  pages={257--267},
  year={2019}
}

@inproceedings{sun2022lawbreaker,
  title={LawBreaker: An approach for specifying traffic laws and fuzzing autonomous vehicles},
  author={Sun, Yang and Poskitt, Christopher M and Sun, Jun and Chen, Yuqi and Yang, Zijiang},
  booktitle={Proceedings of the 37th IEEE/ACM International Conference on Automated Software Engineering},
  pages={1--12},
  year={2022}
}


@inproceedings{tian2022generating,
  title={Generating Critical Test Scenarios for Autonomous Driving Systems via Influential Behavior Patterns},
  author={Tian, Haoxiang and Wu, Guoquan and Yan, Jiren and Jiang, Yan and Wei, Jun and Chen, Wei and Li, Shuo and Ye, Dan},
  booktitle={Proceedings of the 37th IEEE/ACM International Conference on Automated Software Engineering},
  pages={1--12},
  year={2022}
}


@inproceedings{zhang2023testing,
  title={Testing automated driving systems by breaking many laws efficiently},
  author={Zhang, Xiaodong and Zhao, Wei and Sun, Yang and Sun, Jun and Shen, Yulong and Dong, Xuewen and Yang, Zijiang},
  booktitle={Proceedings of the 32nd ACM SIGSOFT International Symposium on Software Testing and Analysis},
  pages={942--953},
  year={2023}
}

@inproceedings{li2020av,
  title={Av-fuzzer: Finding safety violations in autonomous driving systems},
  author={Li, Guanpeng and Li, Yiran and Jha, Saurabh and Tsai, Timothy and Sullivan, Michael and Hari, Siva Kumar Sastry and Kalbarczyk, Zbigniew and Iyer, Ravishankar},
  booktitle={2020 IEEE 31st international symposium on software reliability engineering (ISSRE)},
  pages={25--36},
  year={2020},
  organization={IEEE}
}

@inproceedings{fremont2019scenic,
  title={Scenic: a language for scenario specification and scene generation},
  author={Fremont, Daniel J and Dreossi, Tommaso and Ghosh, Shromona and Yue, Xiangyu and Sangiovanni-Vincentelli, Alberto L and Seshia, Sanjit A},
  booktitle={Proceedings of the 40th ACM SIGPLAN Conference on Programming Language Design and Implementation},
  pages={63--78},
  year={2019}
}

@inproceedings{sheikhi2022coverage,
  title={Coverage-guided fuzz testing for cyber-physical systems},
  author={Sheikhi, Sanaz and Kim, Edward and Duggirala, Parasara Sridhar and Bak, Stanley},
  booktitle={2022 ACM/IEEE 13th International Conference on Cyber-Physical Systems (ICCPS)},
  pages={24--33},
  year={2022},
  organization={IEEE}
}

@inproceedings{karimi2022automatic,
  title={Automatic generation of test-cases of increasing complexity for autonomous vehicles at intersections},
  author={Karimi, Abolfazl and Duggirala, Parasara Sridhar},
  booktitle={2022 ACM/IEEE 13th International Conference on Cyber-Physical Systems (ICCPS)},
  pages={01--11},
  year={2022},
  organization={IEEE}
}

@article{li2023simulation,
  title={Simulation-Based Validation for Autonomous Driving Systems},
  author={Li, Changwen and Sifakis, Joseph and Wang, Qiang and Yan, Rongjie and Zhang, Jian},
  journal={arXiv preprint arXiv:2301.03941},
  year={2023}
}

@inproceedings{maierhofer2020formalization,
  title={Formalization of interstate traffic rules in temporal logic},
  author={Maierhofer, Sebastian and Rettinger, Anna-Katharina and Mayer, Eva Charlotte and Althoff, Matthias},
  booktitle={2020 IEEE Intelligent Vehicles Symposium (IV)},
  pages={752--759},
  year={2020},
  organization={IEEE}
}

@inproceedings{tuncali2016utilizing,
  title={Utilizing S-TaLiRo as an automatic test generation framework for autonomous vehicles},
  author={Tuncali, Cumhur Erkan and Pavlic, Theodore P and Fainekos, Georgios},
  booktitle={2016 ieee 19th international conference on intelligent transportation systems (itsc)},
  pages={1470--1475},
  year={2016},
  organization={IEEE}
}

@inproceedings{dreossi2019verifai,
  title={Verifai: A toolkit for the formal design and analysis of artificial intelligence-based systems},
  author={Dreossi, Tommaso and Fremont, Daniel J and Ghosh, Shromona and Kim, Edward and Ravanbakhsh, Hadi and Vazquez-Chanlatte, Marcell and Seshia, Sanjit A},
  booktitle={International Conference on Computer Aided Verification},
  pages={432--442},
  year={2019},
  organization={Springer}
}

@inproceedings{tian2018deeptest,
  title={Deeptest: Automated testing of deep-neural-network-driven autonomous cars},
  author={Tian, Yuchi and Pei, Kexin and Jana, Suman and Ray, Baishakhi},
  booktitle={Proceedings of the 40th international conference on software engineering},
  pages={303--314},
  year={2018}
}


@misc{iso26262,
    title = {ISO 26262: Road Vehicles --- Functional Safety},
    year = {2018},
    note = {\url{https://www.iso.org/standard/68383.html}}
}

@misc{iso21448,
    title = {ISO/PAS 21448: Road Vehicles --- Safety of the Intended Functionality},
    year = {2018},
    note = {\url{https://www.iso.org/standard/77490.html}}
}


@incollection{fuzzingbook2023:GreyboxFuzzer,
    author = {Andreas Zeller and Rahul Gopinath and Marcel B{\"o}hme and Gordon Fraser and Christian Holler},
    booktitle = {The Fuzzing Book},
    title = {Greybox Fuzzing},
    year = {2023},
    publisher = {CISPA Helmholtz Center for Information Security},
    howpublished = {\url{https://www.fuzzingbook.org/html/GreyboxFuzzer.html}},
    note = {Retrieved 2023-11-11 18:18:06+01:00},
    url = {https://www.fuzzingbook.org/html/GreyboxFuzzer.html},
    urldate = {2023-11-11 18:18:06+01:00}
}

