@article{Heckmann.2017,
  title={Development of a personalised intersection assistant},
  author={Heckmann, Martin and Orth, Dennis and Wersing, Heiko and Kolossa, Dorothea},
  journal={ATZ worldwide},
  volume={119},
  number={5},
  pages={36--41},
  year={2017},
  publisher={Springer}
}

@article{Ma.2017,
  title={A two-dimensional simulation model for modelling turning vehicles at mixed-flow intersections},
  author={Ma, Zian and Sun, Jian and Wang, Yunpeng},
  journal={Transportation Research Part C: Emerging Technologies},
  volume={75},
  pages={103--119},
  year={2017},
  publisher={Elsevier}
}

@article{Zhao.2017,
  title={Ontology-based driving decision making: A feasibility study at uncontrolled intersections},
  author={Zhao, Lihua and Ichise, Ryutaro and Liu, Zheng and Mita, Seiichi and Sasaki, Yutaka},
  journal={IEICE TRANSACTIONS on Information and Systems},
  volume={100},
  number={7},
  pages={1425--1439},
  year={2017},
  publisher={The Institute of Electronics, Information and Communication Engineers}
}

@article{Gupta.2018,
  title={Negotiation between vehicles and pedestrians for the right of way at intersections},
  author={Gupta, Surabhi and Vasardani, Maria and Winter, Stephan},
  journal={IEEE Transactions on Intelligent Transportation Systems},
  volume={20},
  number={3},
  pages={888--899},
  year={2018},
  publisher={IEEE}
}

@phdthesis{Nitsche.2018,
  title={Safety-critical scenarios and virtual testing procedures for automated cars at road intersections},
  author={Nitsche, Philippe},
  year={2018},
  school={Loughborough University}
}

@inproceedings{Censi.2019,
  title={Liability, ethics, and culture-aware behavior specification using rulebooks},
  author={Censi, Andrea and Slutsky, Konstantin and Wongpiromsarn, Tichakorn and Yershov, Dmitry and Pendleton, Scott and Fu, James and Frazzoli, Emilio},
  booktitle={2019 International Conference on Robotics and Automation (ICRA)},
  pages={8536--8542},
  year={2019},
  organization={IEEE}
}

@inproceedings{Jesenski.2019,
  title={Generation of scenes in intersections for the validation of highly automated driving functions},
  author={Jesenski, Stefan and Stellet, Jan Erik and Schiegg, Florian and Z{\"o}llner, J Marius},
  booktitle={2019 IEEE Intelligent Vehicles Symposium (IV)},
  pages={502--509},
  year={2019},
  organization={IEEE}
}

@article{Moreau.2019,
  title={Reactive path planning in intersection for autonomous vehicle},
  author={Moreau, Julien and Melchior, Pierre and Victor, St{\'e}phane and Cassany, Louis and Moze, Mathieu and Aioun, Fran{\c{c}}ois and Guillemard, Franck},
  journal={IFAC-PapersOnLine},
  volume={52},
  number={5},
  pages={109--114},
  year={2019},
  publisher={Elsevier}
}

@inproceedings{Paul.2019,
  title={Safety assessment at unsignalized intersections using post-encroachment time’s threshold—a sustainable solution for developing countries},
  author={Paul, Madhumita},
  booktitle={Advances in Transportation Engineering: Select Proceedings of TRACE 2018},
  pages={117--131},
  year={2019},
  organization={Springer}
}

@article{Stapleton.2019,
  title={Safety performance functions for low-volume rural stop-controlled intersections},
  author={Stapleton, Steven Y and Gates, Timothy J and Avelar, Raul and Geedipally, Srinivas R and Saedi, Ramin},
  journal={Transportation research record},
  volume={2673},
  number={5},
  pages={660--669},
  year={2019},
  publisher={SAGE Publications Sage CA: Los Angeles, CA}
}

@article{Xing.2019,
  title={A right-of-way based strategy to implement safe and efficient driving at non-signalized intersections for automated vehicles},
  author={Xing, Yadong and Zhao, Can and Li, ZhiHeng and Zhang, Yi and Li, Li and Wang, Fei-Yue and Wang, Xiao and Wang, Yujing and Su, Yuelong and Cao, Dongpu},
  journal={arXiv preprint arXiv:1905.01150},
  year={2019}
}

@inproceedings{Bock.2020,
  title={The inD dataset: A drone dataset of naturalistic road user trajectories at german intersections},
  author={Bock, Julian and Krajewski, Robert and Moers, Tobias and Runde, Steffen and Vater, Lennart and Eckstein, Lutz},
  booktitle={2020 IEEE Intelligent Vehicles Symposium (IV)},
  pages={1929--1934},
  year={2020},
  organization={IEEE}
}

@article{Mavrogiannis.2020,
  title={Implicit multiagent coordination at unsignalized intersections via multimodal inference enabled by topological braids},
  author={Mavrogiannis, Christoforos and DeCastro, Jonathan A and Srinivasa, Siddhartha S},
  journal={arXiv preprint arXiv:2004.05205},
  year={2020}
}

@inproceedings{Shu.2020,
  title={Autonomous driving at intersections: A critical-turning-point approach for left turns},
  author={Shu, Keqi and Yu, Huilong and Chen, Xingxin and Chen, Long and Wang, Qi and Li, Li and Cao, Dongpu},
  booktitle={2020 IEEE 23rd International Conference on Intelligent Transportation Systems (ITSC)},
  pages={1--6},
  year={2020},
  organization={IEEE}
}

@article{Tian.2020,
  title={Game-theoretic modeling of traffic in unsignalized intersection network for autonomous vehicle control verification and validation},
  author={Tian, Ran and Li, Nan and Kolmanovsky, Ilya and Yildiz, Yildiray and Girard, Anouck R},
  journal={IEEE Transactions on Intelligent Transportation Systems},
  volume={23},
  number={3},
  pages={2211--2226},
  year={2020},
  publisher={IEEE}
}

@inproceedings{King.2021,
  title={Capturing the Variety of Urban Logical Scenarios from Bird-view Trajectories.},
  author={King, Christian and Braun, Thilo and Braess, Constantin and Langner, Jacob and Sax, Eric},
  booktitle={VEHITS},
  pages={471--480},
  year={2021}
}

@inproceedings{Tahir.2021,
  title={Intersection focused situation coverage-based verification and validation framework for autonomous vehicles implemented in Carla},
  author={Tahir, Zaid and Alexander, Rob},
  booktitle={International Conference on Modelling and Simulation for Autonomous Systems},
  pages={191--212},
  year={2021},
  organization={Springer}
}

@article{Bin.2022,
  title={How should autonomous vehicles drive? Policy, methodological, and social considerations for designing a driver},
  author={Bin-Nun, Amitai Y and Derler, Patricia and Mehdipour, Noushin and Tebbens, Radboud Duintjer},
  journal={Humanities and social sciences communications},
  volume={9},
  number={1},
  pages={1--13},
  year={2022},
  publisher={Palgrave}
}

@incollection{Bozga.2022,
  title={Specification and validation of autonomous driving systems: A multilevel semantic framework},
  author={Bozga, Marius and Sifakis, Joseph},
  booktitle={Principles of Systems Design: Essays Dedicated to Thomas A. Henzinger on the Occasion of His 60th Birthday},
  pages={85--106},
  year={2022},
  publisher={Springer}
}

@article{Gutierrez.2022,
  title={Reinforcement learning-based autonomous driving at intersections in CARLA simulator},
  author={Guti{\'e}rrez-Moreno, Rodrigo and Barea, Rafael and L{\'o}pez-Guill{\'e}n, Elena and Araluce, Javier and Bergasa, Luis M},
  journal={Sensors},
  volume={22},
  number={21},
  pages={8373},
  year={2022},
  publisher={MDPI}
}

@inproceedings{Maierhofer.2022,
  title={Formalization of intersection traffic rules in temporal logic},
  author={Maierhofer, Sebastian and Moosbrugger, Paul and Althoff, Matthias},
  booktitle={2022 IEEE Intelligent Vehicles Symposium (IV)},
  pages={1135--1144},
  year={2022},
  organization={IEEE}
}

@article{Lu.2023,
  title={A Game-Theoretic Approach on Conflict Resolution of Autonomous Vehicles at Unsignalized Intersections},
  author={Lu, Xinghao and Zhao, Haiyan and Li, Cheng and Gao, Bingzhao and Chen, Hong},
  journal={IEEE Transactions on Intelligent Transportation Systems},
  year={2023},
  publisher={IEEE}
}

@article{Qin.2023,
  title={Game Theoretic Application to Intersection Management: A Literature Review},
  author={Qin, Ziye and Ji, Ang and Sun, Zhanbo and Wu, Guoyuan and Hao, Peng and Liao, Xishun},
  journal={arXiv preprint arXiv:2311.12341},
  year={2023}
}

@article{Shu.2023,
  title={Human Inspired Autonomous Intersection Handling Using Game Theory},
  author={Shu, Keqi and Mehrizi, Reza Valiollahi and Li, Shen and Pirani, Mohammad and Khajepour, Amir},
  journal={IEEE Transactions on Intelligent Transportation Systems},
  year={2023},
  publisher={IEEE}
}

@article{Yu.2023,
  title={Driving Decisions for Autonomous Vehicles in Intersection Environments: Deep Reinforcement Learning Approaches with Risk Assessment},
  author={Yu, Wangpengfei and Qian, Yubin and Xu, Jiejie and Sun, Hongtao and Wang, Junxiang},
  journal={World Electric Vehicle Journal},
  volume={14},
  number={4},
  pages={79},
  year={2023},
  publisher={MDPI}
}