@inproceedings{Karimi.2022,
  title={Automatic Generation of Test-cases of Increasing Complexity for Autonomous Vehicles at Intersections},
  author={Karimi, Abolfazl and Duggirala, Parasara Sridhar},
  booktitle={2022 ACM/IEEE 13th International Conference on Cyber-Physical Systems (ICCPS)},
  pages={01--11},
  year={2022},
  organization={IEEE}
}

@inproceedings{Helou.2021,
  title={The Reasonable Crowd: Towards evidence-based and interpretable models of driving behavior},
  author={Helou, Bassam and Dusi, Aditya and Collin, Anne and Mehdipour, Noushin and Chen, Zhiliang and Lizarazo, Cristhian and Belta, Calin and Wongpiromsarn, Tichakorn and Tebbens, Radboud Duintjer and Beijbom, Oscar},
  booktitle={2021 IEEE/RSJ International Conference on Intelligent Robots and Systems (IROS)},
  pages={6708--6715},
  year={2021},
  organization={IEEE}
}

@article{Bozga.2021,
  title={Specification and Validation of Autonomous Driving Systems: A Multilevel Semantic Framework},
  author={Bozga, Marius and Sifakis, Joseph},
  journal={arXiv preprint arXiv:2109.06478},
  year={2021}
}

@article{Shalev.2017,
  title={On a formal model of safe and scalable self-driving cars},
  author={Shalev-Shwartz, Shai and Shammah, Shaked and Shashua, Amnon},
  journal={arXiv preprint arXiv:1708.06374},
  year={2017}
}

@article{Zhao.2022,
  title={Formal Certification Methods for Automated Vehicle Safety Assessment},
  author={Zhao, Tong and Yurtsever, Ekim and Paulson, Joel and Rizzoni, Giorgio},
  journal={IEEE Transactions on Intelligent Vehicles},
  year={2022},
  publisher={IEEE}
}

@inproceedings{Esterle.2019,
  title={From specifications to behavior: Maneuver verification in a semantic state space},
  author={Esterle, Klemens and Aravantinos, Vincent and Knoll, Alois},
  booktitle={2019 IEEE Intelligent Vehicles Symposium (IV)},
  pages={2140--2147},
  year={2019},
  organization={IEEE}
}

@inproceedings{Esterle.2020,
  title={Formalizing traffic rules for machine interpretability},
  author={Esterle, Klemens and Gressenbuch, Luis and Knoll, Alois},
  booktitle={2020 IEEE 3rd Connected and Automated Vehicles Symposium (CAVS)},
  pages={1--7},
  year={2020},
  organization={IEEE}
}

@inproceedings{Sheikhi.2022,
  title={Coverage-guided fuzz testing for cyber-physical systems},
  author={Sheikhi, Sanaz and Kim, Edward and Duggirala, Parasara Sridhar and Bak, Stanley},
  booktitle={2022 ACM/IEEE 13th International Conference on Cyber-Physical Systems (ICCPS)},
  pages={24--33},
  year={2022},
  organization={IEEE}
}

@inproceedings{Tahir.2020,
  title={Coverage based testing for V\&V and safety assurance of self-driving autonomous vehicles: A systematic literature review},
  author={Tahir, Zaid and Alexander, Rob},
  booktitle={2020 IEEE International Conference On Artificial Intelligence Testing (AITest)},
  pages={23--30},
  year={2020},
  organization={IEEE}
}

@inproceedings{Tahir.2022,
  title={Intersection Focused Situation Coverage-Based Verification and Validation Framework for Autonomous Vehicles Implemented in CARLA},
  author={Tahir, Zaid and Alexander, Rob},
  booktitle={International Conference on Modelling and Simulation for Autonomous Systems},
  pages={191--212},
  year={2022},
  organization={Springer}
}

@article{Hawkins.2019,
  title={Situation Coverage Testing for a Simulated Autonomous Car--an Initial Case Study},
  author={Hawkins, Heather and Alexander, Rob},
  journal={arXiv preprint arXiv:1911.06501},
  year={2019}
}

@inproceedings{Majzik.2019,
  title={Towards system-level testing with coverage guarantees for autonomous vehicles},
  author={Majzik, Istv{\'a}n and Semer{\'a}th, Oszk{\'a}r and Hajdu, Csaba and Marussy, Krist{\'o}f and Szatm{\'a}ri, Zolt{\'a}n and Micskei, Zolt{\'a}n and V{\"o}r{\"o}s, Andr{\'a}s and Babikian, Aren A and Varr{\'o}, D{\'a}niel},
  booktitle={2019 ACM/IEEE 22nd International Conference on Model Driven Engineering Languages and Systems (MODELS)},
  pages={89--94},
  year={2019},
  organization={IEEE}
}

@inproceedings{Bohme.2016,
  title={Coverage-based greybox fuzzing as markov chain},
  author={B{\"o}hme, Marcel and Pham, Van-Thuan and Roychoudhury, Abhik},
  booktitle={Proceedings of the 2016 ACM SIGSAC Conference on Computer and Communications Security},
  pages={1032--1043},
  year={2016}
}

@inproceedings{Abdessalem.2018:vision,
  title={Testing vision-based control systems using learnable evolutionary algorithms},
  author={Abdessalem, Raja Ben and Nejati, Shiva and Briand, Lionel C and Stifter, Thomas},
  booktitle={2018 IEEE/ACM 40th International Conference on Software Engineering (ICSE)},
  pages={1016--1026},
  year={2018},
  organization={IEEE}
}

@inproceedings{Abdessalem.2018:feature,
  title={Testing autonomous cars for feature interaction failures using many-objective search},
  author={Abdessalem, Raja Ben and Panichella, Annibale and Nejati, Shiva and Briand, Lionel C and Stifter, Thomas},
  booktitle={2018 33rd IEEE/ACM International Conference on Automated Software Engineering (ASE)},
  pages={143--154},
  year={2018},
  organization={IEEE}
}

@inproceedings{Abdessalem.2016,
  title={Testing advanced driver assistance systems using multi-objective search and neural networks},
  author={Ben Abdessalem, Raja and Nejati, Shiva and Briand, Lionel C and Stifter, Thomas},
  booktitle={Proceedings of the 31st IEEE/ACM international conference on automated software engineering},
  pages={63--74},
  year={2016}
}

@inproceedings{Abeysirigoonawardena.2019,
  title={Generating adversarial driving scenarios in high-fidelity simulators},
  author={Abeysirigoonawardena, Yasasa and Shkurti, Florian and Dudek, Gregory},
  booktitle={2019 International Conference on Robotics and Automation (ICRA)},
  pages={8271--8277},
  year={2019},
  organization={IEEE}
}

@inproceedings{Gambi.2019,
  title={Generating effective test cases for self-driving cars from police reports},
  author={Gambi, Alessio and Huynh, Tri and Fraser, Gordon},
  booktitle={Proceedings of the 2019 27th ACM Joint Meeting on European Software Engineering Conference and Symposium on the Foundations of Software Engineering},
  pages={257--267},
  year={2019}
}

@article{Norden.2019,
  title={Efficient black-box assessment of autonomous vehicle safety},
  author={Norden, Justin and O'Kelly, Matthew and Sinha, Aman},
  journal={arXiv preprint arXiv:1912.03618},
  year={2019}
}

@article{Prakken.2017,
  title={On the problem of making autonomous vehicles conform to traffic law},
  author={Prakken, Henry},
  journal={Artificial Intelligence and Law},
  volume={25},
  number={3},
  pages={341--363},
  year={2017},
  publisher={Springer}
}

@inproceedings{Arechiga.2019,
  title={Specifying safety of autonomous vehicles in signal temporal logic},
  author={Arechiga, Nikos},
  booktitle={2019 IEEE Intelligent Vehicles Symposium (IV)},
  pages={58--63},
  year={2019},
  organization={IEEE}
}

@inproceedings{Corso.2020,
  title={Interpretable safety validation for autonomous vehicles},
  author={Corso, Anthony and Kochenderfer, Mykel J},
  booktitle={2020 IEEE 23rd International Conference on Intelligent Transportation Systems (ITSC)},
  pages={1--6},
  year={2020},
  organization={IEEE}
}

@inproceedings{Maierhofer.2020,
  title={Formalization of interstate traffic rules in temporal logic},
  author={Maierhofer, Sebastian and Rettinger, Anna-Katharina and Mayer, Eva Charlotte and Althoff, Matthias},
  booktitle={2020 IEEE Intelligent Vehicles Symposium (IV)},
  pages={752--759},
  year={2020},
  organization={IEEE}
}

@inproceedings{Hekmatnejad.2019,
  title={Encoding and monitoring responsibility sensitive safety rules for automated vehicles in signal temporal logic},
  author={Hekmatnejad, Mohammad and Yaghoubi, Shakiba and Dokhanchi, Adel and Amor, Heni Ben and Shrivastava, Aviral and Karam, Lina and Fainekos, Georgios},
  booktitle={Proceedings of the 17th ACM-IEEE International Conference on Formal Methods and Models for System Design},
  pages={1--11},
  year={2019}
}

@inproceedings{Cho.2019,
  title={Deep predictive autonomous driving using multi-agent joint trajectory prediction and traffic rules},
  author={Cho, Kyunghoon and Ha, Timothy and Lee, Gunmin and Oh, Songhwai},
  booktitle={2019 IEEE/RSJ International Conference on Intelligent Robots and Systems (IROS)},
  pages={2076--2081},
  year={2019},
  organization={IEEE}
}

@inproceedings{Sahin.2020,
  title={Autonomous vehicle decision-making and monitoring based on signal temporal logic and mixed-integer programming},
  author={Sahin, Yunus Emre and Quirynen, Rien and Di Cairano, Stefano},
  booktitle={2020 American Control Conference (ACC)},
  pages={454--459},
  year={2020},
  organization={IEEE}
}

@inproceedings{Xiao.2021,
  title={Rule-based optimal control for autonomous driving},
  author={Xiao, Wei and Mehdipour, Noushin and Collin, Anne and Bin-Nun, Amitai Y and Frazzoli, Emilio and Tebbens, Radboud Duintjer and Belta, Calin},
  booktitle={Proceedings of the ACM/IEEE 12th International Conference on Cyber-Physical Systems},
  pages={143--154},
  year={2021}
}

@inproceedings{Akagi.2019,
  title={A risk-index based sampling method to generate scenarios for the evaluation of automated driving vehicle safety},
  author={Akagi, Yasuhiro and Kato, Ryosuke and Kitajima, Sou and Antona-Makoshi, Jacobo and Uchida, Nobuyuki},
  booktitle={2019 IEEE Intelligent Transportation Systems Conference (ITSC)},
  pages={667--672},
  year={2019},
  organization={IEEE}
}
