@article{Ahn.1998,
  title={Curvatures of the quadratic rational B{\'e}zier curves},
  author={Ahn, YJ and Kim, HO},
  journal={Computers \& Mathematics with Applications},
  volume={36},
  number={9},
  pages={71--83},
  year={1998},
  publisher={Elsevier}
}

@book{Farin.2002,
  title={Curves and surfaces for CAGD: a practical guide},
  author={Farin, Gerald E},
  year={2002},
  publisher={Morgan Kaufmann}
}

@incollection{Lifschitz.2010,
  title={Thirteen definitions of a stable model},
  author={Lifschitz, Vladimir},
  booktitle={Fields of logic and computation},
  pages={488--503},
  year={2010},
  publisher={Springer}
}

@article{Aponte.2011,
  title={Measuring the level of difficulty in single player video games},
  author={Aponte, Maria-Virginia and Levieux, Guillaume and Natkin, Stephane},
  journal={Entertainment Computing},
  volume={2},
  number={4},
  pages={205--213},
  year={2011},
  publisher={Elsevier}
}

@inproceedings{Ulbrich.2015,
  title={Defining and substantiating the terms scene, situation, and scenario for automated driving},
  author={Ulbrich, Simon and Menzel, Till and Reschka, Andreas and Schuldt, Fabian and Maurer, Markus},
  booktitle={2015 IEEE 18th International Conference on Intelligent Transportation Systems},
  pages={982--988},
  year={2015},
  organization={IEEE}
}


@inproceedings{Kim.2016,
  title={The SMT-based automatic road network generation in vehicle simulation environment},
  author={Kim, BaekGyu and Jarandikar, Akshay and Shum, Jonathan and Shiraishi, Shinichi and Yamaura, Masahiro},
  booktitle={2016 International Conference on Embedded Software (EMSOFT)},
  pages={1--10},
  year={2016},
  organization={IEEE}
}

@article{li2016intelligence,
  title={Intelligence testing for autonomous vehicles: A new approach},
  author={Li, Li and Huang, Wu-Ling and Liu, Yuehu and Zheng, Nan-Ning and Wang, Fei-Yue},
  journal={IEEE Transactions on Intelligent Vehicles},
  volume={1},
  number={2},
  pages={158--166},
  year={2016},
  publisher={IEEE}
}

@inproceedings{Tuncali.2016,
  title={Utilizing S-TaLiRo as an automatic test generation framework for autonomous vehicles},
  author={Tuncali, Cumhur Erkan and Pavlic, Theodore P and Fainekos, Georgios},
  booktitle={2016 IEEE 19th International Conference on Intelligent Transportation Systems (ITSC)},
  pages={1470--1475},
  year={2016},
  organization={IEEE}
}

@book{Vince.2010,
  title={Mathematics for computer graphics},
  author={Vince, John and Vince, John A},
  volume={5},
  year={2010},
  publisher={Springer}
}

@techreport{Hedlund.2017,
    author = {Hedlund, James},
    title = {Autonomous vehicles meet human drivers: Traffic safety issues for states},
    institution = {Governors Highway Safety Association},
    year = {2017}
}

@techreport{Xia.2017,
  title={Automatic generation method of test scenario for ADAS based on complexity},
  author={Xia, Qin and Duan, Jianli and Gao, Feng and Chen, Tao and Yang, Cai},
  year={2017},
  institution={SAE Technical Paper}
}

@inproceedings{Zhao.2017,
  title={Trafficnet: An open naturalistic driving scenario library},
  author={Zhao, Ding and Guo, Yaohui and Jia, Yunhan Jack},
  booktitle={2017 IEEE 20th International Conference on Intelligent Transportation Systems (ITSC)},
  pages={1--8},
  year={2017},
  organization={IEEE}
}

@inproceedings{Althoff.2018,
  title={Automatic generation of safety-critical test scenarios for collision avoidance of road vehicles},
  author={Althoff, Matthias and Lutz, Sebastian},
  booktitle={2018 IEEE Intelligent Vehicles Symposium (IV)},
  pages={1326--1333},
  year={2018},
  organization={IEEE}
}

@inproceedings{Bagschik.2018,
  title={Ontology based scene creation for the development of automated vehicles},
  author={Bagschik, Gerrit and Menzel, Till and Maurer, Markus},
  booktitle={2018 IEEE Intelligent Vehicles Symposium (IV)},
  pages={1813--1820},
  year={2018},
  organization={IEEE}
}

@article{Masuda.2018,
  title={Rule-based searching for collision test cases of autonomous vehicles simulation},
  author={Masuda, Satoshi and Nakamura, Hiroaki and Kajitani, Kohichi},
  journal={IET Intelligent Transport Systems},
  volume={12},
  number={9},
  pages={1088--1095},
  year={2018},
  publisher={IET}
}

@article{OKelly.2018,
  title={Scalable end-to-end autonomous vehicle testing via rare-event simulation},
  author={O'Kelly, Matthew and Sinha, Aman and Namkoong, Hongseok and Duchi, John and Tedrake, Russ},
  journal={arXiv preprint arXiv:1811.00145},
  year={2018}
}

@inproceedings{Wang.2018,
  title={Traffic sensory data classification by quantifying scenario complexity},
  author={Wang, Jiajie and Zhang, Chi and Liu, Yuehu and Zhang, Qilin},
  booktitle={2018 IEEE Intelligent Vehicles Symposium (IV)},
  pages={1543--1548},
  year={2018},
  organization={IEEE}
}

@article{Xia.2018,
  title={Test scenario design for intelligent driving system ensuring coverage and effectiveness},
  author={Xia, Qin and Duan, Jianli and Gao, Feng and Hu, Qiuxia and He, Yingdong},
  journal={International Journal of Automotive Technology},
  volume={19},
  number={4},
  pages={751--758},
  year={2018},
  publisher={Springer}
}

@article{Bi.2019,
  title={A deep learning-based framework for intersectional traffic simulation and editing},
  author={Bi, Huikun and Mao, Tianlu and Wang, Zhaoqi and Deng, Zhigang},
  journal={IEEE transactions on visualization and computer graphics},
  volume={26},
  number={7},
  pages={2335--2348},
  year={2019},
  publisher={IEEE}
}

@inproceedings{Jesenski.2019,
  title={Generation of scenes in intersections for the validation of highly automated driving functions},
  author={Jesenski, Stefan and Stellet, Jan Erik and Schiegg, Florian and Z{\"o}llner, J Marius},
  booktitle={2019 IEEE Intelligent Vehicles Symposium (IV)},
  pages={502--509},
  year={2019},
  organization={IEEE}
}

@article{kim2019test,
  title={Test specification and generation for connected and autonomous vehicle in virtual environments},
  author={Kim, Baekgyu and Masuda, Takato and Shiraishi, Shinichi},
  journal={ACM Transactions on Cyber-Physical Systems},
  volume={4},
  number={1},
  pages={1--26},
  year={2019},
  publisher={ACM New York, NY, USA}
}

@inproceedings{Klischat.2019,
  title={Generating critical test scenarios for automated vehicles with evolutionary algorithms},
  author={Klischat, Moritz and Althoff, Matthias},
  booktitle={2019 IEEE Intelligent Vehicles Symposium (IV)},
  pages={2352--2358},
  year={2019},
  organization={IEEE}
}

@inproceedings{Nalic.2019,
  title={Development of a co-simulation framework for systematic generation of scenarios for testing and validation of automated driving systems},
  author={Nalic, Demin and Eichberger, Arno and Hanzl, Georg and Fellendorf, Martin and Rogic, Branko},
  booktitle={2019 IEEE Intelligent Transportation Systems Conference (ITSC)},
  pages={1895--1901},
  year={2019},
  organization={IEEE}
}

@techreport{Qi.2019,
  title={A trajectory-based method for scenario analysis and test effort reduction for highly automated vehicle},
  author={Qi, Yunlong and Luo, Yugong and Li, Keqiang and Kong, Wei and Wang, Yongsheng},
  year={2019},
  institution={SAE Technical Paper}
}

@article{Tuncali.2019,
  title={Requirements-driven test generation for autonomous vehicles with machine learning components},
  author={Tuncali, Cumhur Erkan and Fainekos, Georgios and Prokhorov, Danil and Ito, Hisahiro and Kapinski, James},
  journal={IEEE Transactions on Intelligent Vehicles},
  volume={5},
  number={2},
  pages={265--280},
  year={2019},
  publisher={IEEE}
}

@inproceedings{nonnengart2019crisgen,
  title={CriSGen: Constraint-based Generation of Critical Scenarios for Autonomous Vehicles},
  author={Nonnengart, Andreas and Klusch, Matthias and M{\"u}ller, Christian},
  booktitle={International Symposium on Formal Methods},
  pages={233--248},
  year={2019},
  organization={Springer}
}

@inproceedings{Rau.2019,
  title={Approach for deriving scenarios for safety of the intended functionality},
  author={Rau, Paul and Becker, Christopher and Brewer, John},
  booktitle={Proc. ESV},
  pages={1--15},
  year={2019}
}

@inproceedings{arechiga2019specifying,
  title={Specifying safety of autonomous vehicles in signal temporal logic},
  author={Arechiga, Nikos},
  booktitle={2019 IEEE Intelligent Vehicles Symposium (IV)},
  pages={58--63},
  year={2019},
  organization={IEEE}
}

@inproceedings{Wagner.2019,
  title={Towards cross-verification and use of simulation in the assessment of automated driving},
  author={Wagner, Sebastian and Groh, Korbinian and K{\"u}hbeck, Thomas and Knoll, Alois},
  booktitle={2019 IEEE Intelligent Vehicles Symposium (IV)},
  pages={1589--1596},
  year={2019},
  organization={IEEE}
}

@article{Gao.2019,
  title={A test scenario automatic generation strategy for intelligent driving systems},
  author={Gao, Feng and Duan, Jianli and He, Yingdong and Wang, Zilong},
  journal={Mathematical Problems in Engineering},
  volume={2019},
  year={2019},
  publisher={Hindawi}
}

@inproceedings{Chao.2020,
  title={A survey on visual traffic simulation: Models, evaluations, and applications in autonomous driving},
  author={Chao, Qianwen and Bi, Huikun and Li, Weizi and Mao, Tianlu and Wang, Zhaoqi and Lin, Ming C and Deng, Zhigang},
  booktitle={Computer Graphics Forum},
  volume={39},
  number={1},
  pages={287--308},
  year={2020},
  organization={Wiley Online Library}
}

@inproceedings{Calo.2020,
  title={Generating avoidable collision scenarios for testing autonomous driving systems},
  author={Cal{\`o}, Alessandro and Arcaini, Paolo and Ali, Shaukat and Hauer, Florian and Ishikawa, Fuyuki},
  booktitle={2020 IEEE 13th International Conference on Software Testing, Validation and Verification (ICST)},
  pages={375--386},
  year={2020},
  organization={IEEE}
}

@inproceedings{Chance.2020,
  title={An agency-directed approach to test generation for simulation-based autonomous vehicle verification},
  author={Chance, Greg and Ghobrial, Abanoub and Lemaignan, Severin and Pipe, Tony and Eder, Kerstin},
  booktitle={2020 IEEE International Conference On Artificial Intelligence Testing (AITest)},
  pages={31--38},
  year={2020},
  organization={IEEE}
}

@inproceedings{Collin.2020,
  title={Safety of the Intended Driving Behavior Using Rulebooks},
  author={Collin, Anne and Bilka, Artur and Pendleton, Scott and Tebbens, Radboud Duintjer},
  booktitle={2020 IEEE Intelligent Vehicles Symposium (IV)},
  pages={136--143},
  year={2020},
  organization={IEEE}
}

@inproceedings{Ding_CMTS.2020,
  title={CMTS: A conditional multiple trajectory synthesizer for generating safety-critical driving scenarios},
  author={Ding, Wenhao and Xu, Mengdi and Zhao, Ding},
  booktitle={2020 IEEE International Conference on Robotics and Automation (ICRA)},
  pages={4314--4321},
  year={2020},
  organization={IEEE}
}

@inproceedings{Ding.2020,
  title={Learning to collide: An adaptive safety-critical scenarios generating method},
  author={Ding, Wenhao and Chen, Baiming and Xu, Minjun and Zhao, Ding},
  booktitle={2020 IEEE/RSJ International Conference on Intelligent Robots and Systems (IROS)},
  pages={2243--2250},
  year={2020},
  organization={IEEE}
}

@inproceedings{Karimi.2020,
  title={Formalizing traffic rules for uncontrolled intersections},
  author={Karimi, Abolfazl and Duggirala, Parasara Sridhar},
  booktitle={2020 ACM/IEEE 11th International Conference on Cyber-Physical Systems (ICCPS)},
  pages={41--50},
  year={2020},
  organization={IEEE}
}

@article{Feng_Methodology.2020,
  title={Testing scenario library generation for connected and automated vehicles, Part I: Methodology},
  author={Feng, Shuo and Feng, Yiheng and Yu, Chunhui and Zhang, Yi and Liu, Henry X},
  journal={IEEE Transactions on Intelligent Transportation Systems},
  volume={22},
  number={3},
  pages={1573--1582},
  year={2020},
  publisher={IEEE}
}

@article{Feng_CaseStudies.2020,
  title={Testing scenario library generation for connected and automated vehicles, part II: Case studies},
  author={Feng, Shuo and Feng, Yiheng and Sun, Haowei and Bao, Shan and Zhang, Yi and Liu, Henry X},
  journal={IEEE Transactions on Intelligent Transportation Systems},
  year={2020},
  publisher={IEEE}
}

@article{Fremont.2023,
  title={Scenic: A language for scenario specification and data generation},
  author={Fremont, Daniel J and Kim, Edward and Dreossi, Tommaso and Ghosh, Shromona and Yue, Xiangyu and Sangiovanni-Vincentelli, Alberto L and Seshia, Sanjit A},
  journal={Machine Learning},
  volume={112},
  number={10},
  pages={3805--3849},
  year={2023},
  publisher={Springer}
}

@article{Li.2020,
  title={Ontology-based test generation for automated and autonomous driving functions},
  author={Li, Yihao and Tao, Jianbo and Wotawa, Franz},
  journal={Information and software technology},
  volume={117},
  pages={106200},
  year={2020},
  publisher={Elsevier}
}

@inproceedings{Fremont_testing.2020,
  title={Formal scenario-based testing of autonomous vehicles: From simulation to the real world},
  author={Fremont, Daniel J and Kim, Edward and Pant, Yash Vardhan and Seshia, Sanjit A and Acharya, Atul and Bruso, Xantha and Wells, Paul and Lemke, Steve and Lu, Qiang and Mehta, Shalin},
  booktitle={2020 IEEE 23rd International Conference on Intelligent Transportation Systems (ITSC)},
  pages={1--8},
  year={2020},
  organization={IEEE}
}

@article{Riedmaier.2020,
  title={Survey on scenario-based safety assessment of automated vehicles},
  author={Riedmaier, Stefan and Ponn, Thomas and Ludwig, Dieter and Schick, Bernhard and Diermeyer, Frank},
  journal={IEEE Access},
  volume={8},
  pages={87456--87477},
  year={2020},
  publisher={IEEE}
}

@inproceedings{ponn2020automatic,
  title={Automatic Generation of Road Geometries to Create Challenging Scenarios for Automated Vehicles Based on the Sensor Setup},
  author={Ponn, Thomas and Lanz, Thomas and Diermeyer, Frank},
  booktitle={2020 IEEE Intelligent Vehicles Symposium (IV)},
  pages={694--700},
  year={2020},
  organization={IEEE}
}

@inproceedings{Klischat.2020,
  title={Synthesizing traffic scenarios from formal specifications for testing automated vehicles},
  author={Klischat, Moritz and Althoff, Matthias},
  booktitle={2020 IEEE Intelligent Vehicles Symposium (IV)},
  pages={2065--2072},
  year={2020},
  organization={IEEE}
}

@inproceedings{Harder.2021,
  title={Scenario2Vector: scenario description language based embeddings for traffic situations},
  author={Harder, Aron and Ranjit, Jaspreet and Behl, Madhur},
  booktitle={Proceedings of the ACM/IEEE 12th International Conference on Cyber-Physical Systems},
  pages={167--176},
  year={2021}
}

@misc{CaliforniaLaw,
  title = {Rules of the road},
  author = {{California law}},
  howpublished = {\url{http://leginfo.legislature.ca.gov/faces/codes_displayexpandedbranch.xhtml?tocCode=VEH&division=11.&title=&part=&chapter=&article=}},
  note = {Accessed: 2021-01-28}
}

