@book{Jaynes.2003,
  title={Probability theory: The logic of science},
  author={Jaynes, Edwin T},
  year={2003},
  publisher={Cambridge university press}
}

@book{Clayton.2021,
  title={Bernoulli's fallacy: Statistical illogic and the crisis of modern science},
  author={Clayton, Aubrey},
  year={2021},
  publisher={Columbia University Press}
}

@article{Baker.2016,
  title={1,500 scientists lift the lid on reproducibility},
  author={Baker, Monya},
  journal={Nature},
  volume={533},
  number={7604},
  year={2016}
}

@article{Oza.2023,
  title={Reproducibility trial: 246 biologists get different results from same data sets},
  author={Oza, Anil},
  journal={Nature},
  volume={622},
  number={7984},
  pages={677--678},
  year={2023},
  publisher={Nature}
}