@TECHREPORT{Barrett.2010,
  author = {Clark Barrett and Aaron Stump and Cesare Tinelli},
  title =	{{The SMT-LIB Standard: Version 2.0}},
  institution = {Department of Computer Science, The University of Iowa},
  year = 2010,
  note = {Available at {\tt www.SMT-LIB.org}}
}

@inproceedings{PySMT.2015,
  title={PySMT: a solver-agnostic library for fast prototyping of SMT-based algorithms},
  author={Gario, Marco and Micheli, Andrea},
  booktitle={SMT Workshop 2015},
  year={2015}
}