@INPROCEEDINGS{Rizaldi.2015,
author={A. Rizaldi and M. Althoff},
booktitle={2015 IEEE 18th International Conference on Intelligent Transportation Systems},
title={Formalising Traffic Rules for Accountability of Autonomous Vehicles},
year={2015},
pages={1658-1665},
month={Sept}
}

@article{DOT.2017,
  title={{Traffic Safety Facts 2015}},
  author={NHTSA},
  journal={Report No. DOT HS 812 384},
  year={2017},
  note = {\url{https://crashstats.nhtsa.dot.gov/Api/Public/ViewPublication/812384}}
}

@misc{DMV-California.2019,
title = {{Driver handbook}},
author = {{California Department of Motor Vehicles}},
year = {2019},
note = {\url{https://www.dmv.ca.gov/web/eng_pdf/dl600.pdf}}
}

@misc{DMV-Roads.2018,
title = {{U.S. Road Rules}},
author = {{Department of Motor Vehicles}},
year = {2018},
note = {\url{https://www.dmv.org/travel/us-road-rules.php}}
}

@misc{DMV-Intersection.2018,
title = {{Intersections \& Right of Way}},
author = {{Department of Motor Vehicles}},
year = {2018},
note = {\url{https://www.dmv.org/how-to-guides/intersections-and-right-of-way.php}}
}



@misc{Hedlund.2017,
title = {Autonomous Vehicles Meet Human Drivers: Traffic Safety Issues for States},
author = {Hedlund, James},
year = {2017},
note = {\url{https://www.ghsa.org/sites/default/files/2017-01/AV%202017%20-%20FINAL.pdf}}
}

@inproceedings{Gelfond.1988,
title={The stable model semantics for logic programming},
 author={Gelfond, Michael and Lifschitz, Vladimir},
booktitle={ICLP/SLP},
volume={88},
pages={1070--1080},
year={1988}
}

@article{Gebser.2011,
title={{Potassco: The Potsdam Answer Set Solving Collection}},
author={Gebser, Martin and Kaufmann, Benjamin and Kaminski, Roland and Ostrowski, Max and Schaub, Torsten and Schneider, Marius},
journal={AI Communications},
volume={24},
number={2},
pages={107--124},
year={2011},
publisher={Citeseer}
}

@inproceedings{Gebser.2007,
title={clasp: A conflict-driven answer set solver},
author={Gebser, Martin and Kaufmann, Benjamin and Neumann, Andr{\'e} and Schaub, Torsten},
booktitle={International Conference on Logic Programming and Nonmonotonic Reasoning},
pages={260--265},
year={2007},
organization={Springer}
}



@article{Simons.2002,
title={Extending and implementing the stable model semantics},
author={Simons, Patrik and Niemel{\"a}, Ilkka and Soininen, Timo},
journal={Artificial Intelligence},
volume={138},
number={1-2},
pages={181--234},
year={2002},
publisher={Elsevier}
}

@article{Anger.2005,
title={A Glimpse of Answer Set Programming.},
author={Anger, Christian and Konczak, Kathrin and Linke, Thomas and Schaub, Torsten},
journal={K{\"u}nstliche Intelligenz},
volume={19},
number={1},
pages={12--17},
year={2005}
}

@inproceedings{Rizaldi.2017,
  title={{Formalising and Monitoring Traffic Rules for Autonomous Vehicles in Isabelle/HOL}},
  author={Rizaldi, Albert and Keinholz, Jonas and Huber, Monika and Feldle, Jochen and Immler, Fabian and Althoff, Matthias and Hilgendorf, Eric and Nipkow, Tobias},
  booktitle={International Conference on Integrated Formal Methods},
  pages={50--66},
  year={2017},
  organization={Springer}
}

@article{azimi2011vehicular,
  title={Vehicular networks for collision avoidance at intersections},
  author={Azimi, Seyed Reza and Bhatia, Gaurav and Rajkumar, Ragunathan Raj and Mudalige, Priyantha},
  journal={SAE International Journal of Passenger Cars-Mechanical Systems},
  volume={4},
  number={2011-01-0573},
  pages={406--416},
  year={2011}
}

@article{hafner2013cooperative,
  title={Cooperative collision avoidance at intersections: Algorithms and experiments},
  author={Hafner, Michael R and Cunningham, Drew and Caminiti, Lorenzo and Del Vecchio, Domitilla},
  journal={IEEE Transactions on Intelligent Transportation Systems},
  volume={14},
  number={3},
  pages={1162--1175},
  year={2013},
  publisher={IEEE}
}

@inproceedings{loos2011safe,
  title={{Safe intersections: At the crossing of hybrid systems and verification}},
  author={Loos, Sarah M and Platzer, Andr{\'e}},
  booktitle={2011 14th International IEEE Conference on Intelligent Transportation Systems (ITSC)},
  pages={1181--1186},
  year={2011},
  organization={IEEE}
}

@article{Damm.2018,
  title={{Using traffic sequence charts for the development of HAVs}},
  author={Damm, W and Kemper, S and M{\"o}hlmann, E and Peikenkamp, T and Rakow, A},
  journal={Embedded Real Time Software and Systems},
  year={2018}
}

@techreport{ghosh2014automatic,
  title={{Automatic requirements specification extraction from natural language (ARSENAL)}},
  author={Ghosh, Shalini and Shankar, Natarajan and Lincoln, Patrick and Elenius, Daniel and Li, Wenchao and Steiener, Wilfrid},
  year={2014},
  institution={SRI INTERNATIONAL MENLO PARK CA}
}

@inproceedings{badger2014vared,
  title={{VARED: Verification and Analysis of Requirements and Early Designs}},
  author={Badger, Julia and Throop, David and Claunch, Charles},
  booktitle={Requirements Engineering Conference (RE), 2014 IEEE 22nd International},
  pages={325--326},
  year={2014},
  organization={IEEE}
}

@inproceedings{pnueli1977temporal,
  title={The temporal logic of programs},
  author={Pnueli, Amir},
  booktitle={Foundations of Computer Science, 1977., 18th Annual Symposium on},
  pages={46--57},
  year={1977},
  organization={IEEE}
}

@misc{nhtsareport,
        title = {National Highway Traffic Safety Administration: Investigation PE 16-007 Report},
        year = {2017},
        note = {\url{https://static.nhtsa.gov/odi/inv/2016/INCLA-PE16007-7876.PDF} Accessed: July 2017.}
}

@misc{CADMVdocumentation,
        title = {Report of Traffic Accident Involving an Autonomous Vehicle ({OL} 316)},
        year ={2017},
        note = {\url{https://www.dmv.ca.gov/portal/dmv/detail/vr/autonomous/autonomousveh_ol316} Accessed: July 2017.}
}

@inproceedings{Dosovitskiy.2017,
  title = {{CARLA}: {An} Open Urban Driving Simulator},
  author = {Alexey Dosovitskiy and German Ros and Felipe Codevilla and Antonio Lopez and Vladlen Koltun},
  booktitle = {Proceedings of the 1st Annual Conference on Robot Learning},
  pages = {1--16},
  year = {2017}
}

@inproceedings{airsim2017fsr,
  author = {Shital Shah and Debadeepta Dey and Chris Lovett and Ashish Kapoor},
  title = {AirSim: High-Fidelity Visual and Physical Simulation for Autonomous Vehicles},
  year = {2017},
  booktitle = {Field and Service Robotics},
  eprint = {arXiv:1705.05065},
  url = {https://arxiv.org/abs/1705.05065}
}

@inproceedings{Hilscher.2016,
  title={An abstract model for proving safety of autonomous urban traffic},
  author={Hilscher, Martin and Schwammberger, Maike},
  booktitle={International Colloquium on Theoretical Aspects of Computing},
  pages={274--292},
  year={2016},
  organization={Springer}
}

@article{Gebser.2018,
  title={Multi-shot {ASP} solving with clingo},
  author={Gebser, Martin and Kaminski, Roland and Kaufmann, Benjamin and Schaub, Torsten},
  journal={Theory and Practice of Logic Programming},
  pages={1--56},
  year={2018},
  publisher={Cambridge University Press}
}

@article{Rasouli.2018,
  title={Autonomous Vehicles that Interact with Pedestrians: A Survey of Theory and Practice},
  author={Rasouli, Amir and Tsotsos, John K},
  journal={arXiv preprint arXiv:1805.11773},
  year={2018}
}

@misc{PerceptiveAutomata.2018,
author = {{Perceptive Automata, Inc.}},
year = {2018},
note = {\url{https://www.linkedin.com/company/perceptive-automata/}}
}

@misc{DrivingInstructorBlog.2015,
author = {{BC Driving Blog}},
year = {2015},
note = {\url{https://drivinginstructorblog.com/4-stops/}}
}

@inproceedings{Dupuis.2010,
  title={OpenDRIVE 2010 and Beyond--Status and Future of the de facto Standard for the Description of Road Networks},
  author={Dupuis, Marius and Strobl, Martin and Grezlikowski, Hans},
  booktitle={Proc. Driving Simulation Conference DSC Europe, Paris, S},
  pages={231--242},
  year={2010}
}

@inproceedings{Dupuis.2016,
  title={Openscenario - bringing content to the road},
  author={Dupuis, Marius},
  booktitle={2nd OpenSCENARIO Meeting},
  year={2016}
}

@misc{ASAM-OD.2019,
author = {{ASAM OpenDRIVE}},
year = {2019},
note = {\url{https://www.asam.net/standards/detail/opendrive/}}
}

@misc{ASAM-OSC.2019,
author = {{ASAM OpenScenario}},
year = {2019},
note = {\url{https://www.asam.net/standards/detail/openscenario/}}
}


@misc{OAS.2018,
author = {{Voyage}},
year = {2018},
note = {\url{https://oas.voyage.auto/}}
}

@misc{FHWA-Unsignalized.2019,
title = {{Unsignalized Intersections}},
author = {{Federal Highway Administration}},
year = {2019},
note = {\url{https://safety.fhwa.dot.gov/intersection/conventional/unsignalized/}}
}

@article{Jaklic.2011,
  title={Curvature variation minimizing cubic Hermite interpolants},
  author={Jakli{\v{c}}, Ga{\v{s}}per and {\v{Z}}agar, Emil},
  journal={Applied Mathematics and Computation},
  volume={218},
  number={7},
  pages={3918--3924},
  year={2011},
  publisher={Elsevier}
}

@misc{CARLA-Challenge.2019,
title = {{CARLA Autonomous Driving Challenge}},
author = {{CARLA}},
year = {2019},
note = {\url{https://carlachallenge.org/}}
}

@misc{FHWA.2001,
title = {{Highway Design Handbook for Older Drivers and Pedestrians}},
author = {{Federal Highway Administration Research and Technology}},
year = {2001},
note = {\url{https://www.fhwa.dot.gov/publications/research/safety/humanfac/01103/chp1rec.cfm#a}}
}

@misc{Herbrand.2019,
title = {{Herbrand Semantics}},
author = {{Michael Genesereth and Eric Kao}},
year = {2019},
note = {\url{http://logic.stanford.edu/herbrand/herbrand.html}}
}
